@misc{Fernández,
  title    = {Ley Cero de la Termodinámica},
  url      = {https://www.fisicalab.com/apartado/principio-cero-termo},
  journal  = {Fisicalab},
  author   = {Fernández, José L.},
  language = {es}
}