@incollection{Baader2007BasicDL,
  author    = {Franz Baader and Werner Nutt},
  title     = {Basic Description Logics},
  booktitle = {The Description Logic Handbook: Theory, Implementation and Applications},
  editor    = {Franz Baader and Diego Calvanese and Deborah L. McGuinness and Daniele Nardi and Peter F. Patel-Schneider},
  publisher = {Cambridge University Press},
  year      = {2007},
  pages     = {47--104},
  chapter   = {2},
  doi       = {10.1017/CBO9780511711787.004},
  url       = {https://www.cambridge.org/core/books/description-logic-handbook/basic-description-logics/F0D8C77FF3FE7E030D1EF516C2328137}
}

@misc{BaaderDLHB02,
  author       = {Franz Baader},
  title        = {Basic Description Logics},
  year         = {2003},
  howpublished = {\url{https://www.inf.unibz.it/~franconi/dl/course/dlhb/dlhb-02.pdf}},
  note         = {Lecture notes from the Description Logic Handbook course, Free University of Bozen-Bolzano}
}

@incollection{Gruber2009Ontology,
  author    = {Tom Gruber},
  title     = {Ontology},
  booktitle = {Encyclopedia of Database Systems},
  editor    = {Ling Liu and M. Tamer Özsu},
  publisher = {Springer-Verlag},
  year      = {2009},
  url       = {https://tomgruber.org/writing/definition-of-ontology.pdf},
  note      = {Entry in Encyclopedia of Database Systems}
}

@inproceedings{Martin2020OntologiasIA,
  author       = {Antonio Martín and Sonsoles Celestino and Adela Valdenebro and Julia Mensaque},
  title        = {Ontologías e Inteligencia Artificial para la Recuperación Eficiente del Conocimiento},
  booktitle    = {XV Jornadas Bibliotecarias de Andalucía},
  year         = {2020},
  organization = {Asociación Andaluza de Bibliotecarios},
  address      = {Sevilla, España},
  institution  = {Biblioteca Universidad de Sevilla},
  url          = {https://es.scribd.com/document/55436704/10-Ontologia-e-Inteligencia-Artificial}
}

@techreport{W3C2012OWL2Overview,
  title       = {OWL 2 Web Ontology Language Document Overview (Second Edition)},
  author      = {{W3C OWL Working Group}},
  institution = {World Wide Web Consortium (W3C)},
  year        = {2012},
  month       = {12},
  type        = {W3C Recommendation},
  url         = {https://www.w3.org/TR/owl2-overview/},
  note        = {Editors: W3C OWL Working Group. This document provides a high-level overview of OWL 2 and its related specifications.}
}

@techreport{W3C2014RDF,
  title       = {Resource Description Framework (RDF)},
  author      = {{RDF Working Group}},
  institution = {World Wide Web Consortium (W3C)},
  year        = {2014},
  month       = {2},
  type        = {W3C Recommendation},
  url         = {https://www.w3.org/RDF/?utm_source=chatgpt.com},
  note        = {RDF is a standard model for data interchange on the Web, supporting schema evolution and data merging across applications.}
}

@techreport{W3C2017SHACL,
  title       = {Shapes Constraint Language (SHACL)},
  author      = {Holger Knublauch and Dimitris Kontokostas},
  institution = {World Wide Web Consortium (W3C)},
  year        = {2017},
  month       = {6},
  type        = {W3C Recommendation},
  url         = {https://www.w3.org/TR/shacl/},
  note        = {Editors: RDF Data Shapes Working Group. This document defines SHACL, a language for validating RDF graphs against a set of conditions.}
}

@techreport{Knublauch2017SHACL,
  title        = {Shapes Constraint Language (SHACL)},
  author       = {Holger Knublauch and Dimitris Kontokostas},
  institution  = {World Wide Web Consortium (W3C)},
  year         = {2017},
  month        = {6},
  type         = {W3C Recommendation},
  url          = {https://www.w3.org/TR/2017/REC-shacl-20170720/},
  note         = {W3C Recommendation published by the RDF Data Shapes Working Group}
}





