@article{Escobar2023,
  author  = {Escobar Anduquia, C. D. and Avella Jiménez, S. D. and Rojas Ormaza, B. R.},
  title   = {Análisis de activos financieros en Colombia: cobertura de posiciones con bitcoin},
  journal = {Revista CEA},
  year    = {2023},
  volume  = {9},
  number  = {21},
  pages   = {e2481},
  doi     = {10.22430/24223182.2481}
}

@article{Gomez2025,
  author  = {Gómez Gómez, L. T. and Ramírez Gutiérrez, Z.},
  title   = {Explorando el vínculo entre capacidades financieras y aprendizaje organizacional en pymes: un análisis del estado del arte},
  journal = {Revista CEA},
  year    = {2025},
  volume  = {11},
  number  = {25},
  pages   = {e3113},
  doi     = {10.22430/24223182.3113}
}


