@misc{cite_1,
  url   = {https://finance.yahoo.com/quote/NVDA?guccounter=2},
  title = {NVIDIA Corporation (NVDA)}
}

@misc{Amerise_2024,
  title   = {Taiw{á}n: 4 claves que explican la profunda transformaci{ó}n de la isla de un pa{í}s pobre y autoritario a una pr{ó}spera democracia},
  url     = {https://www.bbc.com/mundo/articles/c6p11n6kvxxo},
  journal = {BBC News Mundo},
  author  = {Amerise, Atahualpa},
  year    = {2024},
  month   = {1}
}

@article{Efe_2023,
  title   = {China y Taiw{á}n avanzan en el comercio entre orillas del Estrecho},
  url     = {https://www.informador.mx/internacional/China-y-Taiwan-avanzan-en-el-comercio-entre-orillas-del-Estrecho-20231114-0157.html},
  journal = {El Informador: Noticias De Jalisco, M{é}xico, Deportes y Entretenimiento},
  author  = {Efe},
  year    = {2023},
  month   = {11}
}

@misc{Taiwan,
  url     = {https://www.planinternacionaldenavarra.es/es/oportunidades-de-negocio/taiwan-una-isla-de-oportunidades},
  journal = {Dpto_Cultura},
  title   = {Taiw{á}n: una isla de oportunidades}
}

@misc{BBCNewsMundo_2022,
  title   = {Taiwán: 3 claves para entender su importancia estratégica y económica},
  url     = {https://www.bbc.com/mundo/noticias-internacional-62407544},
  journal = {BBC News Mundo},
  author  = {BBC News Mundo},
  year    = {2022},
  month   = {7}
}

@misc{Chiang_2023,
  title   = {One tiny country drove 15% of Nvidia’s revenue – here’s why it needs so many chips},
  url     = {https://www.cnbc.com/2023/12/01/this-tiny-country-drove-15percent-of-nvidias-revenue-heres-why-it-needs-so-many-chips.html},
  journal = {CNBC},
  author  = {Chiang, Sheila},
  year    = {2023},
  month   = {12}
}

@misc{Martin,
  title  = {These are Nvidia’s top 13 Americas partners with Fast-Growing AI businesses},
  url    = {https://www.crn.com/news/components-peripherals/2024/these-are-nvidia-s-top-13-americas-partners-with-fast-growing-ai-businesses},
  author = {Martin, Dylan}
}

@misc{HistoriadeNVIDIA,
  url     = {https://www.nvidia.com/es-es/about-nvidia/corporate-timeline/},
  journal = {NVIDIA},
  title   = {HISTORIA DE NVIDIA}
}

@misc{NVIDIARevenue,
  url     = {https://www.macrotrends.net/stocks/charts/NVDA/nvidia/revenue},
  journal = {MacroTrends},
  title   = {NVIDIA Revenue 2010-2024 | NVDA}
}

@misc{NVIDIA_about_us,
  url   = {https://www.nvidia.com/es-es/about-nvidia/},
  title = {NVIDIA: Acerca de nosotros}
}

@article{Millan_2023,
  title    = {La historia de NVIDIA: de ‘solo’ hacer tarjetas gráficas a ser la reina de la Inteligencia Artificial},
  url      = {https://hipertextual.com/2023/07/historia-nvidia},
  journal  = {Hipertextual},
  author   = {Millán, Víctor},
  year     = {2023},
  month    = {7},
  language = {es}
}

@article{Blanchard_2023,
  title   = {Nvidia CEO feels safe relying on Taiwan for chips},
  url     = {https://www.reuters.com/technology/nvidia-ceo-feels-safe-relying-heavily-taiwan-manufacturing-2023-06-01/},
  journal = {Reuters},
  author  = {Blanchard, Ben},
  year    = {2023},
  month   = {5}
}

@article{Bajpai,
  title   = {An overview of Taiwan’s economy},
  url     = {https://www.nasdaq.com/articles/an-overview-of-taiwans-economy},
  journal = {Nasdaq},
  author  = {Bajpai, Prableen},
  year    = {2022}
}

@article{Morris_2019,
  title   = {Nvidia aims to extend its lead in AI},
  url     = {https://www.zdnet.com/article/nvidia-aims-to-extend-its-lead-in-ai/},
  journal = {ZDNET},
  author  = {Morris, John},
  year    = {2019},
  month   = {1}
}

@article{Hollister_2023,
  title   = {Nvidia Q2 2024: 6 billion in pure profit over the AI boom},
  url     = {https://www.theverge.com/2023/8/23/22608145/nvidia-q2-2024-profit-revenue-ai-chips},
  journal = {The Verge},
  author  = {Hollister, Sean},
  year    = {2023},
  month   = {8}
}

@article{McDowell_2024,
  title   = {Is Nvidia lagging in High-Growth automotive segment?},
  url     = {https://www.forbes.com/sites/stevemcdowell/2024/02/22/is-nvidia-lagging-in-high-growth-automotive-segment/?sh=2af189ad5992},
  journal = {Forbes},
  author  = {McDowell, Steve},
  year    = {2024},
  month   = {5}
}