@online{definicion-oscilacion,
  title  = {Oscilación - Qué es, en la física, definición y concepto},
  author = {Pérez Porto, J. and Merino, M.},
  year   = 2009,
  url    = {https://definicion.de/oscilacion/},
  note   = {Definicion.de. Última actualización el 3 de junio de 2022. Recuperado el 4 de agosto de 2023}
}

@misc{movimiento-armonico-simple,
  title     = {Movimiento Armónico Simple (M.A.S.)},
  url       = {https://www.fisicalab.com/apartado/concepto-oscilador-armonico},
  journal   = {Fisicalab},
  publisher = {Fisicalab}
}

@misc{tipos-pendulos-1,
  url       = {https://openstax.org/books/física-universitaria-volumen-1/pages/15-4-pendulos},
  journal   = {15.4 péndulos - física universitaria volumen 1},
  publisher = {OpenStax},
  title     = {Pendulos}
} 

@misc{tipos-pendulos-2,
  url       = {https://es.khanacademy.org/science/ap-physics-1/simple-harmonic-motion-ap/spring-mass-systems-ap/a/simple-harmonic-motion-of-spring-mass-systems-ap},
  journal   = {Khan Academy},
  publisher = {Khan Academy},
  title     = {Movimiento armónico simple en sistemas masa-resorte}
} 

@misc{simulador-pendulo-simple,
  url    = {https://phet.colorado.edu/sims/html/pendulum-lab/latest/pendulum-lab_es.html.},
  title  = {Lab de P{é}ndulo Simple},
  author = {PhET},
  note   = {Simulador}
}

@misc{simulador-pendulo-resorte,
  url    = {https://phet.colorado.edu/sims/html/masses-and-springs/latest/masses-and-springs_es.html},
  title  = {Lab de P{é}ndulo de Resorte},
  author = {PhET},
  note   = {Simulador}
}

@misc{simulador-pendulo-fisico,
  url       = {http://amv-au.vlabs.ac.in/advanced-mechanics/Compound_Pendulum/experiment.html},
  title     = {Compound Pendulum},
  publisher = {Amrita Vishwa Vidyapeetham},
  note      = {Simulador}
}













