@misc{Benefits,
  url     = {https://www.tutor2u.net/economics/reference/benefits-and-risks-of-trade-for-emerging-economies},
  journal = {Reference Library | Economics | Tutor2u},
  title   = {Benefits and Risks of Trade for Emerging Economies},
  urldate = {2025-08-17}
}

@misc{BusinessEurope2025,
  title    = {Pros and Cons of International Trade: A Balanced Analysis},
  url      = {https://www.businesseurope.uk/international/advantages-and-disadvantages-of-international-trade/},
  journal  = {BusinessEurope.uk},
  author   = {{BusinessEurope.uk}},
  year     = {2025},
  month    = {5},
  language = {en-GB},
  urldate  = {2025-08-17}
}

@misc{Engemann2025,
  title   = {Why Countries Trade: A Look at Benefits and Risks},
  url     = {https://www.stlouisfed.org/open-vault/2024/mar/international-trade-benefits-risks},
  journal = {St. Louis Fed},
  author  = {Engemann, Kristie M.},
  year    = {2025},
  month   = {2},
  urldate = {2025-08-17}
}

@misc{globaltrade,
  url     = {https://ithy.com/article/pros-cons-international-trade-analysis-ayj49s4k},
  title   = {Global Trade: Boon or Burden? Unpacking the Complex Reality},
  urldate = {2025-08-17}
}

@misc{Kenton2025,
  title   = {Economies of Scale: What Are They and How Are They Used?},
  url     = {https://www.investopedia.com/terms/e/economiesofscale.asp},
  journal = {Investopedia},
  author  = {Kenton, Will},
  year    = {2025},
  month   = {5},
  urldate = {2025-08-17}
}

@misc{Mukherjee2024,
  title   = {Safeguarding Marketing Research: The Generation, Identification, and Mitigation of {AI}-Fabricated Disinformation},
  url     = {https://arxiv.org/abs/2403.14706},
  journal = {arXiv.org},
  author  = {Mukherjee, Anirban},
  year    = {2024},
  month   = {3},
  urldate = {2025-08-17}
}

@misc{Pologeorgis2024,
  title   = {How Globalization Affects Developed Countries},
  url     = {https://www.investopedia.com/articles/economics/10/globalization-developed-countries.asp},
  journal = {Investopedia},
  author  = {Pologeorgis, Nicolas A.},
  year    = {2024},
  month   = {11},
  urldate = {2025-08-17}
}

@misc{Rodller2024,
  title    = {Globalization: The Challenges and Opportunities of Operating in a Global Market},
  url      = {https://www.rodller.com/globalization-the-challenges-and-opportunities-of-operating-in-a-global-market/},
  journal  = {Rodller},
  author   = {{Rodller Author}},
  year     = {2024},
  month    = {11},
  language = {en-US},
  urldate  = {2025-08-17}
}

@article{Waldron2025,
  title   = {Strategic Interdependence is Rewiring the Global Economy},
  url     = {https://www.ft.com/content/25ab5e71-6ae2-495b-bf06-6fd2f1cbb18a},
  journal = {Financial Times},
  author  = {Waldron, John},
  year    = {2025},
  month   = {8},
  urldate = {2025-08-17}
}