@misc{Pelicula,
  title  = {Las flores de la guerra},
  year   = {2011},
  author = {Zhang Yimou},
  note   = {Pelicula}
}




