
@misc{efecto_fotoelectrico_1,
  url      = {https://es.khanacademy.org/science/ap-chemistry/electronic-structure-of-atoms-ap/bohr-model-hydrogen-ap/a/photoelectric-effect},
  title    = {Efecto Fotoel{é}ctrico},
  author   = {Khan Academy},
  language = {es}
}

@misc{efecto_fotoelectrico_2,
  url   = {http://www.sc.ehu.es/sbweb/fisica/cuantica/fotoelectrico/fotoelectrico.htm},
  title = {El efecto fotoel{é}ctrico}
}