@misc{reference_book,
  title     = {¡Sálvese quien pueda!},
  author    = {Oppenheimer, Andrés},
  year      = {2018},
  publisher = {Editorial Sudamericana},
  address   = {Buenos Aires, Argentina},
  isbn      = {9789585446380}
}

@misc{capacitar_trabajadores,
  url      = {https://www.mckinsey.com/featured-insights/future-of-work/retraining-and-reskilling-workers-in-the-age-of-automation/es-cl},
  journal  = {McKinsey & Company},
  year     = {2018},
  month    = {1},
  language = {en}
}

@misc{Soledad,
  title  = {El aula invertida como estrategia de aprendizaje},
  url    = {http://scielo.sld.cu/scielo.php?script=sci_arttext&pid=S1990-86442021000300152},
  author = {Soledad, A.}
}

@misc{Parra_2022,
  title    = {Robots domésticos: robots para el hogar que ya existen y los que existirán en el futuro},
  url      = {https://www.cinconoticias.com/robots-domesticos-actuales-y-futuros/},
  journal  = {Cinco Noticias},
  author   = {Parra, Eduardo},
  year     = {2022},
  month    = {9},
  language = {es}
}

@article{Unir_2023,
  title   = {Robótica educativa: ¿qué es y cuáles son sus ventajas?},
  url     = {https://www.unir.net/educacion/revista/robotica-educativa/},
  journal = {UNIR},
  author  = {Unir, Vive},
  year    = {2023},
  month   = {10}
}

@misc{Darwin,
  url     = {\url{https://es.khanacademy.org/science/ap-biology/natural-selection/natural-selection-ap/a/darwin-evolution-natural-selection}},
  journal = {Khan Academy},
  title   = {Darwin, evolución y selección natural}
}

@article{Erard_2022,
  title    = {El fracaso de los robots repartidores de Amazon y FedEx demuestra que aún no estamos listos para el cambio},
  url      = {https://hipertextual.com/2022/10/fracaso-robots-repartidores-amazon-fedex-entregas-ultima-milla},
  journal  = {Hipertextual},
  author   = {Erard, Gabriel},
  year     = {2022},
  month    = {10},
  language = {es}
}

@misc{educacion_evolución, url={https://www.universia.net/uy/actualidad/orientacion-academica/como-han-evolucionado-metodos-ensenanza-ultimas-decadas-1163178.html}, year={2019}, month=jan }