@book{radiacion_rayos_x,
  year     = {2009},
  language = {es},
  title    = {El haz de radiaci{ó}n. Espectro de Rayos X}
}

@misc{radiacion_rayos_gamma,
  title    = {Rayos Gamma},
  url      = {https://www.cta-observatory.org/wp-content/uploads/2020/07/HojadeEjercicios_RayosGamma.pdf},
  journal  = {Rayos Gamma},
  author   = {CTA [Cherenkov Telescope Array]},
  language = {es}
}

@misc{Moebs_2021,
  title    = {6.3 El efecto Compton - Física universitaria volumen 3 | OpenStax},
  url      = {https://openstax.org/books/f%C3%ADsica-universitaria-volumen-3/pages/6-3-el-efecto-compton#CNX_UPhysics_39_03_compton1},
  author   = {Moebs, William},
  year     = {2021},
  month    = {11},
  language = {es}
}

@misc{Tomé_2019,
  title    = {El comportamiento corpuscular de la luz: el efecto Compton},
  url      = {https://culturacientifica.com/2019/12/17/el-comportamiento-corpuscular-de-la-luz-el-efecto-compton/},
  journal  = {Cuaderno De Cultura Científica},
  author   = {Tomé, César},
  year     = {2019},
  month    = {12},
  language = {es}
}