@misc{DefinicionCorrientePlusAmperio,
  title     = {¿Qué es la corriente?},
  url       = {https://www.fluke.com/es-co/informacion/blog/electrica/que-es-la-corriente},
  journal   = {Fluke},
  publisher = {Fluke Corporation},
  author    = {Fluke, Anónimo},
  year      = {2021},
  month     = {Oct}
} 

@misc{DefinicionResistenciaPlusOhmios,
  title     = {¿Qué es la resistencia?},
  url       = {https://www.fluke.com/es-co/informacion/blog/electrica/que-es-la-resistencia#:~:text=La%20resistencia%20es%20una%20medida,entre%20voltaje%2C%20corriente%20y%20resistencia.},
  journal   = {Fluke},
  publisher = {Fluke Corporation},
  author    = {Fluke, Anónimo},
  year      = {2021},
  month     = {May}
} 

@misc{CodigoColores,
  title     = {Codificación de Colores},
  url       = {https://es.wikipedia.org/wiki/Codificaci%C3%B3n_de_colores#:~:text=El%20código%20de%20colores%20se,condensadores%2C%20inductores%2C%20diodos%20etc.},
  journal   = {Wikipedia},
  publisher = {Wikimedia Foundation},
  author    = {Anónimo},
  year      = {2023},
  month     = {Feb}
} 

@misc{Amperimetro,
  url     = {http://newton.cnice.mec.es/materiales_didacticos/electricidad3E/amperimetro2.htm#:~:text=El%20amperímetro%20se%20coloca%20intercalado,en%20serie%20con%20el%20circuito.},
  journal = {El Amperímetro},
  author  = {Anónimo},
  year    = {s.f}
} 

@misc{Voltimetro,
  title   = {Medidores de Bobina MVIL},
  url     = {http://hyperphysics.phy-astr.gsu.edu/hbasees/magnetic/movcoil.html#:~:text=Un%20voltímetro%20mide%20la%20diferencia,se%20debe%20conectar%20en%20serie.},
  journal = {Moving Coil Meters},
  author  = {Anónimo},
  year    = {s.f}
} 

@misc{Ohmimetro,
  url       = {http://www.etitudela.com/Electrotecnia/principiosdelaelectricidad/tema1.2/contenidos/01d569940f0a9380d.html#:~:text=La%20resistencia%20se%20mide%20con,ésta%20desconectada%20del%20circuito%20eléctrico.&amp;text=La%20tensión%20se%20mide%20con,se%20desea%20medir%20la%20tensión.},
  journal   = {Medidas de Tensión, intensidad y resistencia},
  publisher = {Electrotecnia},
  author    = {Anónimo},
  year      = {s.f}
} 

@misc{CorrienteContinua,
  title   = {¿Qué es la corriente continua o directa y cómo funciona?},
  url     = {https://jdelectricos.com.co/corriente-continua-o-directa/#:~:text=La%20corriente%20directa%20(CD)%20o,de%20fuerza%20electromotriz%20(FEM).},
  journal = {materiales electricos, productos electricos en colombia JD ELECTRICOS},
  author  = {Anónimo},
  year    = {2022},
  month   = {Oct}
} 

@misc{CorrienteAlterna,
  title   = {Corriente alterna y corriente continua},
  url     = {https://ec.europa.eu/health/scientific_committees/opinions_layman/es/campos-electromagneticos/glosario/abc/corriente-alterna.htm#:~:text=La%20corriente%20alterna%20(CA)%20es,la%20pared%20es%20corriente%20alterna.},
  journal = {Glosario: Corriente alterna y Corriente Continua},
  author  = {Anónimo},
  year    = {s.f}
}

@misc{VoltajeRMS,
  title   = {¿Qué es el Voltaje RMS?},
  url     = {http://www.learningaboutelectronics.com/Articulos/Voltaje-RMS.php},
  journal = {¿Qué es el voltaje rms?},
  author  = {Anónimo},
  year    = {s.f}
} 

@misc{LeyDeOhm,
  title   = {¿Qué es la ley de ohm?},
  url     = {https://www.fluke.com/es-co/informacion/blog/electrica/que-es-la-ley-de-ohm},
  journal = {Fluke},
  author  = {Fluke},
  year    = {2016},
  month   = {Oct}
} 