@misc{Elcuerponegro,
  url      = {http://www.sc.ehu.es/sbweb/fisica3/calor/radiacion/radiacion.html},
  language = {es},
  title    = {El cuerpo negro},
  author   = {Franco, G.}
}

@misc{Termopilas,
  url      = {https://www.kanthal.com/es-es/aplicaciones/medici%C3%B3n-de-la-temperatura/termopilas/},
  language = {es},
  title    = {Termopilas},
  author   = {Khantal}
}

@misc{Blackbody_radiation,
  url   = {http://hyperphysics.phy-astr.gsu.edu/hbasees/quantum/radfrac.html},
  title = {Potencia Radiada por un Cuerpo Negro}
}

@misc{Stefan_Boltzmann_Law,
  url   = {http://hyperphysics.phy-astr.gsu.edu/hbasees/thermo/stefan.html},
  title = {Ley de Stefan-Boltzmann}
}