@misc{Animitevabg_2022,
  title    = {Top 9 international marketing challenges in the 21st century - mktoolboxsuite.com},
  url      = {https://mktoolboxsuite.com/international-marketing-challenges/},
  journal  = {mktoolboxsuite.com},
  author   = {Animitevabg},
  year     = {2022},
  month    = jan,
  language = {en-US}
}

@misc{Gaille_2021,
  title  = {12 Advantages and Disadvantages of international trade},
  url    = {https://vittana.org/12-advantages-and-disadvantages-of-international-trade},
  author = {Gaille, Louise},
  year   = {2021},
  month  = jul
}

@misc{Johansen_2025,
  title    = {Globalization impacts},
  url      = {https://onemoneyway.com/en/blog/globalization-impacts/},
  journal  = {OneMoneyWay},
  author   = {Johansen, Mette},
  year     = {2025},
  month    = mar,
  language = {en-US}
}

