@misc{FundacionAmigosdelPlaneta2023,
  author = {{Fundación Amigos del Planeta}},
  title  = {SABIAS QUÉ: ¿EN COLOMBIA HAY MARCAS DE COSMÉTICOS QUE AÚN EXPERIMENTAN CON ANIMALES?},
  year   = {2023},
  month  = {7},
  day    = {24},
  url    = {https://www.amigosdelplaneta.com/2023/07/24/sabias-que-en-colombia-hay-marcas-de-cosmeticos-que-aun-experimentan-con-animales/}
}

@misc{Ley84de1989,
  title        = {Ley 84 de 1989 (Colombia)},
  year         = {1989},
  month        = {12},
  day          = {27},
  howpublished = {DIARIO OFICIAL. AÑO CXXVI. N. 39120}
}

@article{Spielmann2001,
  author  = {Spielmann, Horst},
  title   = {International Cooperation: An Essential Requirement for Replacing Animal Toxicity Tests},
  journal = {Alternatives to Laboratory Animals},
  year    = {2001},
  volume  = {29},
  number  = {6},
  pages   = {637--646},
  doi     = {10.1177/026119290102900612}
}

@book{HerrmannJayne2019,
  editor    = {Herrmann, Kathrin and Jayne, Kimberley},
  title     = {Animal Experimentation: Working Towards a Paradigm Change},
  volume    = {22},
  year      = {2019},
  publisher = {Brill}
}




