 @misc{blas_fernandez,
  title     = {Electrostatica},
  url       = {https://www2.montes.upm.es/dptos/digfa/cfisica/electro/potencial.html},
  journal   = {Electrosttica. Potencial Elctrico. Superficies Equipotenciales},
  publisher = {Universidad Politecnica de Madrid},
  author    = {Blas, Teresa Martin and Fernandez, Ana Serrano},
  year      = { s.f}
} 















