@misc{Portafolio_2023,
  title    = {Las reformas que necesitaría el país si llegara a una crisis económica},
  url      = {https://www.portafolio.co/economia/finanzas/crisis-economica-las-reformas-clave-que-necesitaria-colombia-577193},
  journal  = {Portafolio.co},
  author   = {Portafolio},
  year     = {2023},
  month    = {1},
  language = {es}
}

@misc{Héctor,
  title  = {EL COMPORTAMIENTO DE LA INFLACIÓN EN COLOMBIA DURANTE EL PERÍODO 1955-2004},
  url    = {http://www.scielo.org.co/scielo.php?script=sci_arttext&pid=S0123-59232005000200004},
  author = {Héctor, Ochoa Díaz}
}

@misc{crisispolitica,
  url      = {https://www.clubensayos.com/Historia/Crisis-Politica-Y-Economica-En-La-d%C3%A9cada-De/410424.html},
  language = {es},
  title    = {Crisis Politica Y Economica En La década De 1980},
  author   = {Angiie Liineth},
  year     = {2012}
}

@misc{Carrero,
  title  = {Las representaciones del movimiento estudiantil de la séptima papeleta en la caricatura política colombiana},
  url    = {https://www.redalyc.org/journal/110/11046399010/html/},
  author = {Carrero, Judith Lucía Ramírez}
}