@misc{source_code,
  author = {Mauro González Figueroa},
  title  = {Análisis y Código Fuente del Estudio de Precios Universitarios},
  year   = {2025},
  url    = {https://github.com/MauroGonzalez51/college-prices-study},
  note   = {Disponible en GitHub}
}