@incollection{baltar2019imagen,
  author    = {Adolfo Baltar-Moreno and Cielo Patricia Puello-Sarabia},
  title     = {La imagen testigo en la investigación social. Lecturas de una secuencia compleja},
  booktitle = {Redes sociales, tecnologías digitales y narrativas interactivas en la sociedad de la información},
  editor    = {J. Sierra-Sánchez and J. M. Lavín de la Cavada},
  publisher = {McGraw-Hill},
  year      = {2019},
  url       = {https://hdl.handle.net/20.500.12585/12676}
}

@book{ramirez2020,
  author = {Ramirez, C. and Esteban, J.},
  title  = {Análisis de las tendencias de los perfiles de egresados de los programas de administración de empresas de la ciudad de Cartagena},
  year   = {2020},
  url    = {https://utb.alma.exlibrisgroup.com/discovery/delivery/57UTB_INST:57UTB_INST/1216606180005731?viewerServiceCode=DigitalViewer}
}