@article{Colprensa_2016,
  title   = {María Paulina Riveros, nueva vicefiscal general},
  url     = {\url{https://www.elcolombiano.com/colombia/maria-paulina-riveros-nueva-vicefiscal-general-CG4686172}},
  journal = {www.elcolombiano.com},
  author  = {Colprensa},
  year    = {2016},
  month   = {8}
}

@misc{FiscalíaGeneralNación_2022,
  title    = {30 años en imágenes},
  url      = {https://www.fiscalia.gov.co/colombia/la-entidad/nuestra-historia-en-imagenes/},
  journal  = {Fiscalía General De La Nación},
  author   = {Fiscalía General de la Nación},
  year     = {2022},
  month    = {5},
  language = {es-CO}
}

@misc{Vacía_Vacía_2023,
  title    = {María Paulina Riveros},
  url      = {https://www.lasillavacia.com/quien-es-quien/maria-paulina-riveros/},
  journal  = {La Silla Vacía},
  author   = {Vacía, La Silla and Vacía, La Silla},
  year     = {2023},
  month    = {9},
  language = {es-CO}
}

@misc{agenda,
  url    = {https://agenda2030lac.org/es/ods/16-paz-justicia-e-instituciones-solidas},
  year   = {2023},
  month  = {9},
  title  = {Objetivo 16: Promover sociedades, justas, pacíficas e inclusivas},
  author = {Agenda 2030 en Am{é}rica Latina y el Caribe}
}