@book{Jurafsky2025,
  author    = {Daniel Jurafsky and James H. Martin},
  title     = {Speech and Language Processing},
  year      = {2025},
  edition   = {4th},
  publisher = {Pearson},
  note      = {Forthcoming}
}

@book{Russell2021,
  author    = {Stuart Russell and Peter Norvig},
  title     = {Artificial Intelligence: A Modern Approach},
  year      = {2021},
  edition   = {4th},
  publisher = {Pearson},
  isbn      = {9780134610993}
}