 @book{ImagenDesviacionEstandar,
    title     = {Formula desviacion estandar},
    url       = {https://calculadorasonline.com/calculadora-de-desviacion-estandar-desviacion-tipica/},
    journal   = {Calculadora de desviacion estandar paso a paso - Desviacion Tipica},
    publisher = {https://calculadorasonline.com/calculadora-de-desviacion-estandar-desviacion-tipica/},
    author    = {Anónimo},
    year      = {s.f}
} 

@misc{AcMaxMexico,
    title     = {¿Qué es y cómo funciona un multímetro?},
    url       = {https://acmax.mx/como-usar-un-multimetro#:~:text=Para%20medir%20con%20un%20multímetro,letra%20griega%20omega%20mayúscula%20Ω.},
    journal   = {AcMax de Mexico},
    publisher = {AcMax de Mexico},
    author    = {Anonimo},
    year      = {s.f}
} 

@misc{flukeCorporation,
    title     = {Guía de Seguridad para Multímetros Digitales},
    url       = {https://www.fluke.com/es-es/informacion/blog/seguridad/guia-multimetro#:~:text=Asegúrese%20de%20que%20todas%20las,Nunca%20lo%20dé%20por%20hecho.},
    journal   = {Fluke},
    publisher = {Fluke Corporation},
    author    = {Fluke Corporation},
    year      = {s.f}
} 

 @misc{CesarCinjordiz,
    title   = {Multímetro digital Y analógico.},
    url     = {https://www.infootec.net/multimetro/},
    journal = {infootec.net},
    author  = {Cinjordiz, Cesar},
    year    = {2017},
    month   = {Jan}
} 




















