@misc{picolsigns_2009,
  type    = {Video},
  title   = {History of the internet},
  url     = {\url{https://www.youtube.com/watch?v=9hIQjrMHTv4}},
  journal = {YouTube},
  author  = {picolsigns},
  year    = {2009},
  month   = {1}
}