@article{Batista_2022,
  title   = {Portales de Blas de Lezo II: 5 años de una tragedia que aún no acaba},
  url     = {https://www.eluniversal.com.co/cartagena/portales-de-blas-de-lezo-ii-5-anos-de-una-tragedia-que-aun-no-acaba-GJ6469923},
  journal = {www.eluniversal.com.co},
  author  = {Batista, Lía Miranda},
  year    = {2022},
  month   = {4}
}

@article{Hoyos_2023,
  title    = {Las víctimas del clan Quiroz: sin casa y con deudas | Investigación | 2023},
  url      = {https://diariocriterio.com/hermanos-quiroz-victimas-edificios-cartagena/},
  journal  = {Diario Criterio},
  author   = {Hoyos, José Fernando},
  year     = {2023},
  month    = {11},
  language = {es}
}

@article{LilianaCarmen,
  title     = {Estudio de caso desplome edificio ``Portales de Blas de Lezo II''},
  author    = {Madariaga Suarez, L.},
  publisher = {Universidad Catolica de Manizales},
  year      = {2019},
  url       = {https://repositorio.ucm.edu.co/bitstream/10839/2475/1/Liliana%20del%20Carmén%20Madariaga.pdf}
}

@book{vera2019revision,
  author    = {Vera Hernández, V.},
  title     = {Revisión estructural de edificio existente en Cartagena de Indias},
  year      = {2019},
  publisher = {V. Vera Hernández},
  address   = {Cartagena de Indias}
}
