% ! Full resources on primo.utb.edu.co

@article{fontalvo_leyes2019,
  author  = {Fontalvo-Leyes D. and Jaimes-Pernett Y.},
  title   = {Panorama de las políticas públicas de seguridad ciudadana en Cartagena},
  journal = {Vis iuris (En línea)},
  volume  = {3},
  number  = {6},
  year    = {2019},
  url     = {https://doi.org/10.22518/vis.v3i62016.1135}
}

% Explicar como fue el manejo de la seguridad durante la pandemia
@unpublished{correa_ramirez2021,
  author = {Correa Ramírez, C. M. and Pájaro González, C.},
  title  = {Plan de acción de Axia Seguros para el desarrollo del Programa de Seguridad y Salud en el Trabajo ante el COVID-19 para sus clientes en Cartagena},
  school = {Universidad Tecnológica de Bolívar UTB},
  year   = {2021},
  note   = {428 C.E.}
}

% Contrastar los retos que Cartagena tenia hace +10 años y
%   verificar si se cumplen a la fecha
@book{alvis_arrieta2011,
  author = {Alvis Arrieta, J. L. and Espinosa Espinosa, A.},
  title  = {Cartagena de Indias y los retos de la seguridad humana: diagnóstico para una agenda de gobierno en la segunda década del siglo XXI},
  year   = {2011}
}

% Debido a las concidiones, muchos jóvenes recurren al
%   mototaxismo, pero ¿Como son las condiciones de trabajo?
@article{castillo_avila2013,
  author  = {Yolanda Castillo I. and Galarza Herrera B. and Palomino Gómez H.},
  title   = {Condiciones de trabajo y salud de mototaxistas Cartagena - Colombia},
  journal = {Salud Uninorte},
  volume  = {29},
  number  = {3},
  pages   = {514-524},
  year    = {2013}
}

% Seguridad vista desde habitantes de la calle
@thesis{villa_moncaris2020,
  author = {Villa Moncaris, D.},
  title  = {Análisis de factores de vulnerabilidad y percepción de seguridad de los habitantes de la calle en Colombia},
  school = {Universidad Tecnológica de Bolívar UTB},
  year   = {2020}
}

% Puede servir ...
@article{gomez_bustamante2019,
  author  = {Gómez-Bustamante E. and Bohórquez-Moreno C. and Cogollo-Milanes Z.},
  title   = {Condiciones de trabajo en recicladores de la ciudad de Cartagena, Colombia},
  journal = {Duazary},
  volume  = {16},
  number  = {2},
  pages   = {251-258},
  year    = {2019},
  doi     = {10.21676/2389783X.2957}
}

% Tomandolo desde una perspectiva mas general, ademas de verlo
%   desde la mujer
@article{montoya_ruiz2013,
  author  = {Montoya Ruiz A.},
  title   = {Seguridad humana para las mujeres en las ciudades: reflexiones para políticas públicas urbanas con enfoque de género},
  journal = {Revista Estudios Socio-Jurídicos},
  volume  = {15},
  number  = {1},
  year    = {2013}
}

% ! Definiciones [...] / / / Citas en General

@article{DeLaCruzRoja_2015,
  title    = {¿Qué es la seguridad económica?},
  url      = {https://www.icrc.org/es/document/que-es-la-seguridad-economica},
  journal  = {Comité Internacional De La Cruz Roja},
  author   = {De La Cruz Roja, Comité Internacional},
  year     = {2015},
  month    = {6},
  language = {es}
}

@article{DANE_2021,
  title    = {Pobreza monetaria y extrema: Cartagena 2020},
  url      = {\url{https://www.dane.gov.co/files/investigaciones/planes-departamentos-ciudades/211216-Juntemonos-por-Cartagena.pdf}},
  journal  = {Mercado},
  author   = {DANE},
  year     = {2021},
  month    = {12},
  language = {en}
}

@book{Thoenig,
  title    = {Las políticas públicas},
  author   = {Thoenig, Jean-Claude},
  editor   = {Morata, Francisco},
  url      = {https://negociacionytomadedecisiones.files.wordpress.com/2015/06/l0011_las-politicas-publicas.pdf},
  language = {es}
}

@misc{DSUAdmin,
  title    = {¿Qué es la seguridad humana?},
  url      = {\url{https://www.un.org/humansecurity/es/what-is-human-security/}},
  journal  = {Fondo Fiduciario De Las Naciones Unidas Para La Seguridad Humana},
  author   = {DSUAdmin},
  language = {es}
}

@misc{cifras_crimenes_1,
  url       = {\url{https://www.epdata.es/datos/crimen-asesinatos-robos-secuestros-otros-delitos-registrados-cada-municipio/6/cartagena/2194}},
  language  = {es},
  publisher = {EpData},
  title     = {Cartagena - Crimen: asesinatos, robos, secuestros y otros delitos registrados en cada municipio}
}

@misc{cifras_crimenes_2,
  title    = {Cartagena, una de las cinco principales capitales con los mayores índices de inseguridad},
  url      = {\url{https://cartagenacomovamos.org/cartagena-una-de-las-cinco-principales-capitales-con-mayor-indice-de-inseguridad/}},
  journal  = {Cartagena Cómo Vamos},
  year     = {2023},
  month    = {5},
  language = {es}
}

@misc{Comunicaciones_2023,
  title    = {Panorama de los hurtos en Cartagena en 2022},
  url      = {https://cartagenacomovamos.org/panorama-de-los-hurtos-en-cartagena-en-2022/},
  journal  = {Cartagena Cómo Vamos},
  author   = {Comunicaciones},
  year     = {2023},
  month    = {3},
  language = {es}
}

@misc{Observatorio_2023,
  url      = {https://observatorio.epacartagena.gov.co/gestion-ambiental/generalidades-de-cartagena/aspectos-sociales/seguridad/},
  language = {es},
  title    = {Seguridad},
  author   = {Observatorio Ambiental de Cartagena de Indias (EPA)}
}

@article{MedicinaLegalCienciasForenses_2023,
  title    = {Boletin Estadistico Mensual Enero 2023},
  url      = {https://www.medicinalegal.gov.co/documents/20143/879499/Boletin_Enero_2023.pdf},
  journal  = {Boletin Enero 2023},
  author   = {Medicina Legal y Ciencias Forenses},
  year     = {2023},
  language = {es}
}
