@misc{rse,
  url       = {https://www.ibm.com/es-es/topics/corporate-social-responsibility},
  author    = {McGrath, A. and Jonker, A.},
  title     = {¿Qué es la responsabilidad social empresarial (RSE)?},
  year      = {2023},
  month     = {12},
  day       = {22},
  publisher = {IBM}
}

@misc{Einagrafic_2022,
  title    = {Protección de datos en empresas: ciberseguridad y privacidad},
  url      = {https://einatec.com/blog/proteccion-de-datos-en-empresas/},
  journal  = {Einatec},
  author   = {Einagrafic},
  year     = {2022},
  month    = {11},
  language = {es}
}

@misc{CrowdStrike_2024,
  title    = {Falcon Content Update Translated Resource Hub | CrowdStrike},
  url      = {https://www.crowdstrike.com/falcon-content-update-remediation-and-guidance-hub/translated-resources/},
  journal  = {crowdstrike.com},
  author   = {CrowdStrike},
  year     = {2024},
  month    = {8},
  language = {en-US}
}

@misc{Soto_2020,
  title   = {¿Qué es el Kernel y para qué sirve?},
  url     = {https://www.geeknetic.es/Kernel/que-es-y-para-que-sirve},
  journal = {GEEKNETIC},
  author  = {Soto, Juan Antonio},
  year    = {2020},
  month   = {7}
}

@misc{Wikipedia_contributors_2024,
  title   = {2024 CrowdStrike incident},
  url     = {https://en.wikipedia.org/wiki/2024_CrowdStrike_incident},
  journal = {Wikipedia},
  year    = {2024},
  month   = {8}
}

@article{FORMOSA2021102382,
  title    = {A principlist framework for cybersecurity ethics},
  journal  = {Computers and Security},
  volume   = {109},
  pages    = {102382},
  year     = {2021},
  issn     = {0167-4048},
  doi      = {https://doi.org/10.1016/j.cose.2021.102382},
  url      = {https://www.sciencedirect.com/science/article/pii/S0167404821002066},
  author   = {Paul Formosa and Michael Wilson and Deborah Richards},
  keywords = {Cybersecurity ethics, AI ethics, Principlism, Privacy, Penetration testing, DDoS attacks, Ransomware}
}

@article{article,
  author  = {Okorie, Gold and Udeh, Chioma and Adaga, Ejuma and DaraOjimba, Obinna and Oriekhoe, Osato},
  year    = {2024},
  month   = {01},
  pages   = {1-22},
  title   = {ETHICAL CONSIDERATIONS IN DATA COLLECTION AND ANALYSIS: A REVIEW: INVESTIGATING ETHICAL PRACTICES AND CHALLENGES IN MODERN DATA COLLECTION AND ANALYSIS},
  volume  = {6},
  journal = {International Journal of Applied Research in Social Sciences},
  doi     = {10.51594/ijarss.v6i1.688}
}

@article{van_der_Merwe_Al_Achkar_2022,
  title   = {Data responsibility, corporate social responsibility, and corporate digital responsibility},
  volume  = {4},
  doi     = {10.1017/dap.2022.2},
  journal = {Data and Policy},
  author  = {van der Merwe, Joanna and Al Achkar, Ziad},
  year    = {2022},
  pages   = {e12}
} 

@misc{AA22-040A,
  author = {FBI, and CISA, and ACSC, and NCSC-UK},
  title  = {2021 Trends Show Increased Globalized Threat of Ransomware},
  year   = {2022},
  month  = {2},
  note   = {Co-Authored by: TLP:WHITE},
  url    = {\url{https://www.cisa.gov/sites/default/files/publications/AA22-040A_2021_Trends_Show_Increased_Globalized_Threat_of_Ransomware_508.pdf}}
}

@misc{Gartner,
  url     = {\url{https://www.gartner.com/en/newsroom/press-releases/04-12-2023-gartner-identifies-the-top-cybersecurity-trends-for-2023}},
  journal = {Gartner},
  title   = {Gartner Identifies the Top Cybersecurity Trends for 2023},
  year    = {2023},
  month   = {4},
  author  = {Catherine Howley}
}