@article{Unir_2023,
  title   = {¿Qué es el modelo entidad relación y para que se utiliza?},
  url     = {https://www.unir.net/ingenieria/revista/modelo-entidad-relacion/},
  journal = {UNIR},
  author  = {Unir, Vive},
  year    = {2023},
  month   = aug
}

@misc{UNIVERSIDAD_DON_BOSCO,
  title    = {BASE DE DATOS},
  url      = {https://www.udb.edu.sv/udb_files/recursos_guias/informatica-moviles/base-de-datos-(moviles)/2019/i/guia-1.pdf},
  author   = {UNIVERSIDAD DON BOSCO [UNIVERSIDAD DON BOSCO]},
  language = {en}
}