@misc{Rodríguez_2023,
  title    = {Estadística Descriptiva: definición, conceptos y ejemplos},
  url      = {https://isdfundacion.org/2023/08/22/estadistica-descriptiva-definicion-conceptos-y-ejemplos/},
  journal  = {Fundación iS+D},
  author   = {Rodríguez, Javier},
  year     = {2023},
  month    = {8},
  language = {es}
}

@misc{Jeanluc_2023,
  title    = {Algoritmo de YouTube en 2023},
  url      = {https://www.marketingcapacitacion.com/algoritmo-de-youtube-en-2023/},
  journal  = {MKT Capacitación},
  author   = {Jeanluc},
  year     = {2023},
  month    = {10},
  language = {es}
}

@misc{Cutipa_2023,
  title   = {La importancia de la estadística aplicada en la informática},
  url     = {https://guidocutipa.blog.bo/investigacion/importancia-estadistica-informatica/},
  journal = {Investigación Científica},
  author  = {Cutipa, Guido},
  year    = {2023},
  month   = {1}
}