@misc{LeyDeOhm,
    title = {Ley de Ohm},
    author = {{Junta de Andalucía}},
    url = {https://acortar.link/zvu8Eg},
    note = {Website},
    urldate = {16 de marzo de 2023},
}

@misc{MaterialesOhmicos,
    title = {Electricidad y magnetismo},
    author = {{Pontificia Universidad Católica de Valparaíso}},
    url = {http://agora.ucv.cl/docs/592/libro2/index23.htm\#:\~:text=Los\%
           20materiales\%20óhmicos\%20tienen\%20una,diferencia\%20de\%20potencial
           \%20no\%20lineal.},
    note = {Website},
    urldate = {16 de marzo de 2023},
}

 @misc{KhanAcademy,
    title = {Repaso de Corriente, Resistencia Y Resistividad (artículo)},
    url = {
           https://es.khanacademy.org/science/ap-physics-1/ap-circuits-topic/current-ap/a/resistance-and-resistivity-ap1#:
           ~:text=La%20resistividad%20ρ%20de%20un,
           con%20el%20aumento%20de%20temperatura.},
    journal = {Khan Academy},
    publisher = {Khan Academy},
    note = {Website},
    urldate = {16 de marzo de 2023},
} 














