@misc{patron2014,
  title     = {El Patrón, Radiografía de un Crimen},
  year      = {2014},
  director  = {Sebastián Schindel},
  producer  = {Pablo Rovito},
  location  = {Argentina},
  publisher = {K&S Films}
}

@article{39657713009,
  author   = {  Blanco, Jorge Polo},
  title    = { Isaiah Berlin, Friedrich Hayek y Milton Friedman pasean por villa miseria. Los límites de la concepción liberal de la libertad },
  year     = { 2018 },
  journal  = { Tabula Rasa },
  keywords = { Libertad liberal;   libertad negativa;  libertad republicana;   libertad positiva;   libertad material.; Liberal freedom;  negative freedom;  republican freedom;  positive freedom;  material freedom.; Liberdade liberal;  liberdade negativa;  liberdade republicana;  liberdade positiva;  liberdade material. },
  issn     = { 1794-2489 },
  language = {Español},
  url      = {https://www.redalyc.org/articulo.oa?id=39657713009 },
  abstract = {   En este trabajo trataremos de explicar los componentes esenciales de una libertad entendida como no-dominación (material), sabiendo que es ésta una concepción manejada por la tradición republicana; mostraremos, además, que dicha noción pretende ser no antitética pero sí más amplia y sustancial que el concepto liberal de libertad, el cual vendría definido por una simple no-intervención. Anclada en una dimensión más limitada (por ser sólo negativa), consideraremos de forma polémica que esa libertad entendida en un sentido liberal apenas podría dar cuenta de lo que sucede, por tomar un ejemplo paradigmático de exclusión social y pobreza, en una villa miseria.  }
}	    	