@online{CifrasCartagena,
  title        = {Leve descenso en las cifras de embarazos en adolescentes se registró
                  en Cartagena durante el 2022},
  url          = {\url{https://www.cartagena.gov.co/noticias/leve-descenso-cifras-embarazos-adolescentes-registro-cartagena-durante-el-2022-2000#:~:text=enero%20de%202023.-,Durante%20el%20año%202022%20se%20registraron%20en%20el%20distrito%20de,el%20cual%20se%20reportó%20un}},
  howpublished = {Alcaldía Distrital de Cartagena de Indias},
  year         = {2023},
  note         = {Website}
}

@article{Arrieta2020,
  title   = {Prevalencia de embarazos en adolescentes escolares en la ciudad de Cartagena. Febrero a junio de 2010.},
  author  = {Arrieta, J. and Ramos, E. and Murillo, M. and Mercado, K. and Silgado, O. and Vel{á}squez, K. and Villadiego, V.},
  journal = {Revista Ciencias Biom{\'e}dicas},
  volume  = {1},
  number  = {2},
  year    = {2020}
}

@article{Garcia2017,
  author  = {Garc{í}a y Barrag{á}n, L. and Correa, F. and Garc{í}a Campos, T. and Viridiana, A.},
  title   = {El embrazado adolescente desde una perspectiva comtemporanea},
  journal = {Revista Interamericana de Psicología},
  volume  = {51},
  number  = {1},
  pages   = {111--121},
  year    = {2017},
  issn    = {0034-9690}
}

@article{CubaSancho2022,
  author  = {Cuba Sancho, J. M. and Ochoa Camac, K. A.},
  title   = {Factores familiares que predisponen el embarazo adolescente en Am{é}rica Latina y El Caribe, 2009-2019},
  journal = {Investigaci{ó}n En Enfermer{í}a},
  volume  = {23},
  year    = {2022},
  issn    = {0124-2059}
}

 @misc{sánchez_2022,
  title     = {``¿Qué es la educación?'' Su Definición y significado 2021},
  url       = {https://conceptodefinicion.de/educacion/},
  journal   = {Concepto de - Definición de},
  publisher = {ConceptoDefinicion.de},
  author    = {Sánchez, A.},
  year      = {2022},
  month     = {8}
} 

@misc{fundación_sexpol_2021,
  title     = {La educación sexual en los países de la Unión Europea},
  url       = {https://www.sexpol.net/la-educacion-sexual-en-los-paises-de-la-union-europea/#:~:text=Para%20resumir%2C%20el%20estudio%20afirma,Luxemburgo)%20y%20los%20Países%20Nórdicos.},
  journal   = {Fundación Sexpol},
  publisher = {Fundación Sexpol},
  year      = {2021},
  month     = {4}
} 

 @misc{statista,
  title   = {Tasa de embarazo Adolescente en países de Europa 2012},
  url     = {https://es.statista.com/estadisticas/541727/tasa-de-embarazo-adolescente-en-paises-de-europa/},
  journal = {Statista},
  author  = {Statista Research Department},
  year    = {2015},
  month   = {10}
} 

@misc{FundacionSexpol,
  title     = {La educación sexual en los países de la Unión Europea},
  url       = {https://www.sexpol.net/la-educacion-sexual-en-los-paises-de-la-union-europea/#:~:text=Para%20resumir%2C%20el%20estudio%20afirma,Luxemburgo)%20y%20los%20Países%20Nórdicos.},
  journal   = {Fundación Sexpol},
  publisher = {Fundación Sexpol},
  year      = {2021},
  month     = {4}
} 

@book{PhotoPaísesEuropa,
  title     = {Paises Europeos que imparten educación sexual en los centros escolares y la edad de los alumnos que la cursan},
  url       = {https://www.magisnet.com/wp-content/uploads/2021/04/Mapa-Sexualidad-1024x780.jpg},
  publisher = {Magisnet},
  year      = {2021}
} 

@misc{bancoMundial,
  title     = {Tasa de fertilidad en adolescentes (nacimientos por cada 1.000 mujeres entre 15 y 19 años de edad)},
  url       = {https://datos.bancomundial.org/indicator/SP.ADO.TFRT},
  publisher = {World Bank Open Data}
} 

% https://es.euronews.com/2017/09/02/el-embarazo-entre-adolescentes-un-serio-problema-en-el-este-de-europa
% https://www.magisnet.com/2021/04/espana-a-la-cola-de-europa-en-educacion-sexual/
