@article{Arrieta2020,
  title   = {Prevalencia de embarazos en adolescentes escolares en la ciudad de Cartagena. Febrero a junio de 2010.},
  author  = {Arrieta, J. and Ramos, E. and Murillo, M. and Mercado, K. and Silgado, O. and Vel{á}squez, K. and Villadiego, V.},
  journal = {Revista Ciencias Biom{\'e}dicas},
  volume  = {1},
  number  = {2},
  year    = {2020}
}

@online{CifrasCartagena,
  title        = {Leve descenso en las cifras de embarazos en adolescentes se registró
                  en Cartagena durante el 2022},
  url          = {https://onx.la/dd342},
  howpublished = {Alcaldía Distrital de Cartagena de Indias},
  year         = {2023},
  note         = {Website}
}

@article{Garcia2017,
  author  = {Garcia, L and Correa, F. and Garcia, T. and Virridiana, A.},
  title   = {EL EMBARAZO ADOLESCENTE DESDE UNA PERSPECTIVA CONTEMPORÁNEA},
  journal = {Revista Interamericana de Psicología},
  volume  = {51},
  number  = {1},
  pages   = {111--121},
  year    = {2017}
}

@article{CubaSancho2022,
  author = {Cuba Sancho, J. M. and Ochoa Camac, K. A.},
  title = {Factores familiares que predisponen el embarazo adolescente en América Latina y El Caribe, 2009-2019},
  journal = {Investigación En Enfermería},
  volume = {23},
  year = {2022},
  doi = {10.11144/Javeriana.ie23.ffpe}
}


