@misc{luz,
  url      = {https://concepto.de/luz/},
  journal  = {Concepto},
  language = {es},
  title    = {Luz}
}

@misc{Tamiko_2023,
  title    = {La luz monocromática y sus características},
  url      = {https://abrirarchivos.info/tema/la-luz-monocromatica-y-sus-caracteristicas/},
  author   = {Tamiko},
  year     = {2023},
  month    = {May},
  language = {es}
}

@misc{fraunhofer,
  url       = {https://www.beckman.es/resources/technologies/laser-diffraction/mie-fraunhofer-theories},
  language  = {es-ES},
  title     = {Teorías de la difracción de Mie y Fraunhofer},
  publisher = {Beckman Coulter}
}