@article{Significados_2022_temperatura,
  title    = {Temperatura},
  url      = {https://www.significados.com/temperatura/},
  journal  = {Significados},
  author   = {Significados},
  year     = {2022},
  month    = {8},
  language = {es}
}

@article{Fernandes_2022_calor,
  title    = {Calor},
  url      = {https://www.significados.com/calor/},
  journal  = {Significados},
  author   = {Fernandes, Ana Zita},
  year     = {2022},
  month    = {5},
  language = {es}
}

@article{Significados_2016_calorEspecifico,
  title    = {Calor específico},
  url      = {https://www.significados.com/calor-especifico/},
  journal  = {Significados},
  author   = {Significados},
  year     = {2016},
  month    = {12},
  language = {es}
}

@misc{Escalasdetemperatura,
  url      = {https://es.khanacademy.org/science/fisica-pe-pre-u/x4594717deeb98bd3:energia-cinetica/x4594717deeb98bd3:calor-y-temperatura/a/643-escalas-de-temperatura},
  language = {es},
  title    = {Escalas de temperatura}
}

@misc{Fernández_0,
  title    = {Ley Cero de la Termodinámica},
  url      = {https://www.fisicalab.com/apartado/principio-cero-termo},
  journal  = {Fisicalab},
  author   = {Fernández, José L.},
  language = {es}
}

@misc{Fernández_1,
  title    = {Primera Ley de la Termodinámica},
  url      = {https://www.fisicalab.com/apartado/primer-principio-termo},
  journal  = {Fisicalab},
  author   = {Fernández, José L.},
  language = {es}
}