@misc{GenerarCargaElectrica,
    title     = {¿Cómo se genera la electricidad estática?},
    url       = {https://www.ikeuchi.es/news/como-se-genera-la-electricidad-estatica/#:~:text=El%20fenómeno%20de%20carga%20por,fenómeno%20de%20carga%20de%20contacto.},
    journal   = {IKEUCHI},
    publisher = {IKEUCHI EUROPE B.V},
    year      = {2020},
    author    = {Anónimo},
    month     = {May}
} 

@misc{LeyCargasElectricas,
    title     = {Ley de Cargas},
    url       = {https://es.wikipedia.org/wiki/Ley_de_cargas#:~:text=La%20ley%20de%20cargas%20enuncia,de%20signos%20opuestos%20(una%20carga},
    journal   = {Wikipedia},
    publisher = {Wikimedia Foundation},
    year      = {2022},
    author    = {Anónimo},
    month     = {Nov}
} 

@misc{TransferenciaContacto,
    url       = {http://www.etitudela.com/Electrotecnia/principiosdelaelectricidad/cargaycampoelectricos/contenidos/01d56993080930f36.html},
    journal   = {Electrización},
    publisher = {Electrotecnia},
    author    = {Anónimo}
} 

@article{CargaElectrica,
    year      = {1977},
    title     = {Carga el{\'e}ctrica-Potencial-Diferencia de potencial},
    publisher = {Servicio Nacional de Aprendizaje (SENA)},
    author    = {Mantilla Quijano, Gerardo and Gonz{\'a}lez, Helman}
}

@misc{ElectrizacionWikipedia,
    url       = {https://es.wikipedia.org/wiki/Electrizaci\%C3\%B3n\#:~:text=Aquel\%20cuerpo\%20que\%20presente\%20un,que\%20cargas\%20iguales\%20se\%20repelen},
    title     = {Electrizaci\'{o}n},
    journal   = {Wikipedia},
    publisher = {Wikimedia Foundation},
    author    = {Anónimo},
    year      = {s.f}
}

@misc{TransferenciaParticulas,
    url       = {https://www.coursehero.com/file/44822161/INFORME-FISICAdocx/\#:~:text=\textquestiondown{}Cu\'{a}l\%20es\%20el\%20requisito\%20para,de\%20repulsi\'{o}n\%20y\%2Fo\%20atracci\'{o}n},
    title     = {Informe FISICA.docx - 1. Introducci\'{o}n. hoy en d\'{\i}a la electricidad es algo tan indispensable en nuestras vidas si se puede decir as\'{\i}, vivimos en una: Course hero},
    journal   = {INFORME FISICA.docx - 1. Introducci\'{o}n. Hoy en d\'{\i}a la electricidad es algo tan indispensable en nuestras vidas si se puede decir as\'{\i}, vivimos en una \vert{} Course Hero},
    publisher = {Technological University of Bol\'{\i}var},
    author    = {Anónimo},
    year      = {s.f}
}