@article{J_Merino_2022,
  title    = {Ondas mecánicas - qué son, tipos, definición y concepto},
  url      = {https://definicion.de/ondas-mecanicas/},
  journal  = {Definición.de},
  author   = {J, Pérez Porto and Merino, M.},
  year     = {2022},
  month    = {jun},
  language = {es}
}

@misc{Moebs_2021,
  title    = {16.3 Rapidez de onda en una cuerda estirada - Física universitaria Volumen 1 | OpenStax},
  url      = {https://openstax.org/books/f%C3%ADsica-universitaria-volumen-1/pages/16-3-rapidez-de-onda-en-una-cuerda-estirada},
  author   = {Moebs, William},
  year     = {2021},
  month    = {9},
  language = {es}
}