@misc{convergence,
  url   = {https://archive.nptel.ac.in/content/storage2/courses/122104019/numerical-analysis/Rathish-kumar/ratish-1/f3node7.html},
  title = {Convergence of Newton-Rapshon method}
}

@misc{metodos_numericos,
  url   = {https://estadistica-dma.ulpgc.es/FCC/05-3-Raices-de-Ecuaciones-2.html},
  title = {Métodos Numéricos 3: Raíces de ecuaciones: Métodos de Newton-Raphson y de la secante}
}

@article{bolivar2005metodo,
  title={El m{\'e}todo de Newton-Raphson-La alternativa del ingeniero para resolver sistemas de ecuaciones no lineales},
  author={BOL{\'I}VAR, JU{\'A}N EDUARDO BRAVO and ARANGO, ALBERTO J BOTERO and ARBEL{\'A}EZ, MARCELA BOTERO},
  journal={Scientia et Technica},
  volume={11},
  number={27},
  pages={221--224},
  year={2005},
  publisher={Universidad Tecnol{\'o}gica de Pereira}
}