@misc{source_code,
  url    = {https://github.com/MauroGonzalez51/WaveAnalysis-in-React},
  author = {Mauro González},
  title  = {Source code}
}

@misc{onda_definicion,
  url      = {https://concepto.de/onda-2/},
  journal  = {Concepto},
  language = {es},
  title    = {Concepto de onda}
}

@misc{ondas_sonoras,
  url      = {https://www.nfon.com/es/get-started/cloud-telephony/lexicon/base-de-conocimiento-destacar/ondas-sonoras},
  journal  = {NFON AG},
  language = {es},
  title    = {Ondas sonoras}
}

@article{mfcc,
  title    = {MFCC (Mel Frequency Cepstral Coefficients) for Audio format},
  url      = {https://iq.opengenus.org/mfcc-audio/},
  author   = {Sahai, H.},
  language = {en}
}

@misc{espectometro,
  title    = {Espectrómetro},
  url      = {https://steinberg.help/wavelab_pro/v9.5/es/wavelab/topics/metering/meters_spectrometer_r.html},
  journal  = {(C) Copyright 2018},
  author   = {Steinberg Media Technologies GmbH},
  language = {es-es}
}

@article{espectograma,
  title    = {¿Qué es el espectrograma y cuáles son sus usos en el análisis musical?},
  url      = {https://ecuador.unir.net/actualidad-unir/espectrograma/},
  journal  = {Universidad Virtual. | UNIR Ecuador - Maestrías Y Grados Virtuales},
  author   = {Unir, Vive},
  year     = {2022},
  month    = {Aug},
  language = {es}
}

@misc{tonalidad,
  title    = {Tonalidad I Acústica y música I Ruido tonal I Svantek Academy},
  url      = {https://svantek.com/es/academia/tonalidad/},
  journal  = {SVANTEK - Sound and Vibration},
  author   = {Svantek},
  year     = {2023},
  month    = {9},
  language = {es}
}

@misc{vid_1,
  title    = {09 Análisis espectral, espectro de frecuencias},
  url      = {https://www.youtube.com/watch?v=mF8jf0JibcE},
  journal  = {YouTube},
  author   = {Español, AwesomeAcoustics En},
  language = {es-419}
}

@misc{ClownCore,
  type     = {Video},
  title    = {song - clown core},
  url      = {https://www.youtube.com/watch?v=G9Qm7P_9DBs},
  author   = {ClownC0re},
  language = {es-419}
}