@misc{ConectoresLogicos,
  title   = {Conectores textuales: Conectores Gramaticales, Conectores Logicos, Redacci贸n de Textos},
  url     = {https://www.pinterest.es/pin/525373112764504852/},
  journal = {Pinterest},
  year    = {2016},
  month   = {Sep}
} 

@misc{ImportanciaCoherencia,
    title     = {Coherencia: C贸mo la escritura facilita claramente la aceptaci贸n de Manuscritos},
    url       = {https://www.enago.com/es/academy/coherence-academic-writing-tips-strategies/},
    journal   = {Enago Academy Spanish},
    publisher = {Enago Academy},
    author    = {Latameditor, An贸nimo},
    year      = {2021},
    month     = {Apr}
} 