@misc{GoogleDrive,
  url     = {https://drive.google.com/drive/folders/1n7157nrmw1cFU-QVgO-UZnVsMojdDCpP?usp=sharing},
  journal = {Google Drive},
  title   = {Datos de Referencia}
} 

@misc{prezi.com,
  title   = {Ley Ohm corriente y resistencia constante},
  url     = {https://prezi.com/eusiq7d1usrs/ley-ohm-corriente-y-resistencia-constante/#:~:text=Si%20la%20resistencia%20es%20constante,corriente%20porque%20son%20directamente%20proporcionales.},
  journal = {prezi.com}
} 

@misc{KhanAcademy,
  title     = {Current, resistance, and resistivity review},
  url       = {https://www.khanacademy.org/science/high-school-physics/dc-circuits/electric-current-resistivity-and-ohms-law/a/resistance-and-resistivity-ap1},
  journal   = {Khan Academy},
  publisher = {Khan Academy}
} 