@misc{LeyDeOhm,
  title     = {¿Qué es la ley de ohm y cuál es su fórmula?},
  url       = {https://www.todamateria.com/ley-de-ohm/},
  journal   = {Toda Materia},
  publisher = {Toda Materia},
  author    = {Gouveia, Rosimar},
  year      = {2022},
  month     = {Feb}
} 

@misc{MaterialesOhmicos,
  title     = {Materiales Ohmicos},
  url       = {https://es.scribd.com/doc/130394754/Materiales-Ohmicos-docx},
  journal   = {Scribd},
  publisher = {Scribd},
  author    = {Felipe, Leandro}
} 

@misc{ResistenciaElectrica,
  title   = {Ley de Ohm. Resistencia Electrica},
  url     = {\url{https://iesmjuancalero.educarex.es/archivos_insti/recurdptos/tecnolog/electrotenia/t2.htm}},
  journal = {Ley de Ohm. Resistencia Eléctrica}
} 

@article{KhanAcademyResistividad,
  title     = {Current, resistance, and Resistivity Review (article)},
  url       = {\url{https://www.khanacademy.org/science/high-school-physics/dc-circuits/electric-current-resistivity-and-ohms-law/a/resistance-and-resistivity-ap1}},
  journal   = {Khan Academy},
  publisher = {Khan Academy}
} 

 @misc{TemperaturaResistencia,
  title   = {Conceptos de electrotecnia para aplicaciones industriales},
  url     = {http://www.sapiensman.com/electrotecnia/problemas3.htm},
  journal = {Efecto de la temperatura sobre la resistencia . Ley de Ohm.}
} 

@misc{TemperaturaResistividad,
  title   = {3. Factores de influencia en la conductividad de los materiales},
  url     = {\url{https://www.upv.es/materiales/Fcm/Fcm08/fcm8_3.html#:~:text=La%20resistividad%20es%20casi%20nula,los%20metales%20y%20sus%20aleaciones.}},
  journal = {Unidad 8: Características Eléctricas de Los Materiales}
} 

@book{GraficaVoltajeCorriente,
  title = {Gráficas de corriente-voltaje},
  url = {\url{https://slideplayer.es/slide/140827/2/images/9/GR%C3%81FICAS+DE+CORRIENTE-+VOLTAJE.jpg}},
  organization = {Universidad Nacional de Colombia}
}
