@misc{el_efecto_compton,
  url   = {http://www.sc.ehu.es/sbweb/fisica/cuantica/compton/Compton.htm},
  title = {El efecto Compton}
}

@misc{Moebs_2021,
  title  = {6.3 El efecto Compton - Física universitaria volumen 3 | OpenStax},
  url    = {https://openstax.org/books/f%C3%ADsica-universitaria-volumen-3/pages/6-3-el-efecto-compton},
  author = {Moebs, William},
  year   = {2021},
  month  = {11}
}

@misc{Tomé_2019,
  title    = {El comportamiento corpuscular de la luz: el efecto Compton},
  url      = {https://culturacientifica.com/2019/12/17/el-comportamiento-corpuscular-de-la-luz-el-efecto-compton/},
  journal  = {Cuaderno De Cultura Científica},
  author   = {Tomé, César},
  year     = {2019},
  month    = {12},
  language = {es}
}