@article{brennan2018netflix,
  author  = {Louis Brennan},
  title   = {How Netflix Expanded to 190 Countries in 7 Years},
  journal = {Harvard Business Review},
  year    = {2018},
  month   = {10},
  url     = {https://hbr.org/2018/10/how-netflix-expanded-to-190-countries-in-7-years},
  note    = {Accessed: 2025-08-23}
}
