
@software{source_code,
  author    = {Mauro Gonz{รก}lez},
  title     = {Gauss-Seidel Method Implementation},
  year      = {2024},
  url       = {https://github.com/MauroGonzalez51/gauss-seidel},
  publisher = {GitHub}
}
