@book{ramirez2020,
  author = {Ramirez, C. and Esteban, J.},
  title  = {Análisis de las tendencias de los perfiles de egresados de los programas de administración de empresas de la ciudad de Cartagena},
  year   = {2020},
  url    = {https://utb.alma.exlibrisgroup.com/discovery/delivery/57UTB_INST:57UTB_INST/1216606180005731?viewerServiceCode=DigitalViewer}
}