@misc{Kurzgesagt,
  type     = {Video},
  title    = {Who invented the internet? and why?},
  url      = {https://www.youtube.com/watch?v=21eFwbb48sE},
  journal  = {YouTube},
  author   = {Kurzgesagt},
  year     = {2014},
  month    = apr,
  language = {en}
}