@misc{concepto-luz,
  url      = {https://concepto.de/luz/},
  journal  = {Concepto},
  language = {es},
  title    = {Luz}
}

@misc{concepto-luz-monocromatica,
  url      = {https://www.dcmsistemes.com/es/documentacion/informacion-adicional/51/la-luz-monocromatica/},
  language = {es},
  title    = {La luz monocrom{á}tica}
}

@misc{Fernández,
  title    = {Principio de Huygens},
  url      = {https://www.fisicalab.com/apartado/principio-huygens},
  journal  = {Fisicalab},
  author   = {Fernández, José L.},
  language = {es}
}

@article{J_Gardey_2018,
  title    = {Difracción - qué es, definición y concepto},
  url      = {https://definicion.de/difraccion/},
  journal  = {Definición.de},
  author   = {J, Pérez Porto and Gardey, A.},
  year     = {2018},
  month    = {7},
  language = {es}
}

@misc{Optics,
  url       = {https://www.famaf.unc.edu.ar/~pury/famaf.gui/optlabs/guia07/index.html},
  title     = {Física General IV: Óptica},
  publisher = {Universidad Nacional de Córdoba},
  author    = {Pedro Pury},
  year      = {2005}
}

@misc{difraccion,
  url   = {http://www.sc.ehu.es/sbweb/fisica/ondas/difraccion/difraccion.html},
  title = {Difracción producida por una rendija}
}

@misc{Multipleslitdiffraction,
  url   = {http://hyperphysics.phy-astr.gsu.edu/hbasees/phyopt/mulslid.html},
  title = {Tipos de Difracciones}
}

@misc{optica,
  url      = {https://luz.izt.uam.mx/wikis/mediawiki/index.php/Optica:_Difraccion_de_Fraunhofer},
  language = {es},
  title    = {Optica: Difraccion de Fraunhofer}
}

@misc{Diffractiongrating,
  url   = {http://hyperphysics.phy-astr.gsu.edu/hbasees/phyopt/gratcal.html},
  title = {Rejilla de difraccion}
}