@misc{AyuntamientoCartagena,
  author = {{Ayuntamiento de Cartagena}},
  title  = {Documento t{\'e}cnico: {Cartagena} -- {Planes} y proyectos sostenibles},
  year   = {s.f.},
  url    = {https://www.cartagena.es/gestion/documentos/51955.pdf}
}

@misc{BancoMundial2021,
  author    = {{Banco Mundial}},
  title     = {Adaptation to Climate Change in the Coastal Cities of {Latin America}},
  year      = {2021},
  publisher = {World Bank},
  url       = {https://documents.worldbank.org/en/publication/documents-reports/documentdetail/093871468061477490/adaptation-to-climate-change-in-the-coastal-cities-of-latin-america}
}

@misc{CamaraComercioCartagena2023,
  author = {{C{\'a}mara de Comercio de Cartagena}},
  title  = {Informe econ{\'o}mico regional: {Sector} turismo},
  year   = {2023},
  url    = {https://www.cccartagena.org.co/}
}

@misc{CDKN,
  author = {{CDKN}},
  title  = {Introducci{\'o}n al cambio clim{\'a}tico y desarrollo sostenible},
  year   = {s.f.},
  url    = {https://cdkn.org/es/page/introduccion-2}
}

@misc{CEPAL2023,
  author = {{Comisi{\'o}n Econ{\'o}mica para Am{\'e}rica Latina y el Caribe (CEPAL)}},
  title  = {Informe t{\'e}cnico: {Colombia} 1715},
  year   = {2023},
  url    = {https://geo.cepal.org/kbtx/auxwim84jdna7n95PoDqhG/Colombia-1715.pdf}
}

@misc{ClimateBondsInitiative2024,
  author = {{Climate Bonds Initiative}},
  title  = {Green Bond Market Summary {Q1} 2024},
  year   = {2024},
  url    = {https://www.climatebonds.net/resources/reports/green-bond-market-summary-q1-2024}
}

@misc{Convergence2023a,
  author = {{Convergence}},
  title  = {Blended finance in {Latin America} \& the {Caribbean}},
  year   = {2023},
  url    = {https://www.convergence.finance/resource/blended-finance-in-latin-america-and-the-caribbean/view}
}

@misc{Convergence2023b,
  author = {{Convergence}},
  title  = {Colombia emerges as {Andean} hub for blended finance},
  year   = {2023},
  url    = {https://www.convergence.finance/news/6JlQmTQFeO1G1dllxRgwOK/view}
}

@misc{Convergence2024a,
  author    = {{Convergence}},
  title     = {Can blended finance help to address {Latin America's} development challenges?},
  year      = {2024},
  publisher = {Convergence News},
  url       = {https://www.convergence.finance/news/45fkxIORuITCWXb0WznrqZ/view}
}

@misc{Convergence2024b,
  author    = {{Convergence}},
  title     = {Private investors drive blended climate finance to record {US\$18.3} billion},
  year      = {2024},
  publisher = {ImpactAlpha / Convergence},
  url       = {https://impactalpha.com/private-investors-drive-blended-climate-finance-to-record-18-3-billion}
}

@misc{Convergence2024c,
  author = {{Convergence}},
  title  = {State of blended finance 2024: {Climate} edition},
  year   = {2024},
  url    = {https://www.convergence.finance/resource/state-of-blended-finance-2024-climate-edition/view}
}

@misc{DAFP2014,
  author = {{Departamento Administrativo de la Funci{\'o}n P{\'u}blica}},
  title  = {Ley 1715 de 2014},
  year   = {2014},
  month  = may,
  day    = {13},
  url    = {https://www.funcionpublica.gov.co/eva/gestornormativo/norma.php?i=57353}
}

@misc{Ecopetrol2023,
  author = {{Ecopetrol}},
  title  = {Informe de sostenibilidad 2022--2023},
  year   = {2023},
  url    = {https://www.ecopetrol.com.co}
}

@misc{ElEconomista2024,
  author = {{El Economista}},
  title  = {Ecopetrol construir{\'a} planta de hidr{\'o}geno verde con inversi{\'o}n de {US\$28,5} millones},
  year   = {2024},
  month  = dec,
  day    = {2},
  url    = {https://www.eleconomista.com.mx/empresas/ecopetrol-construira-planta-hidrogeno-verde-inversion-28-5-millones-dolares-20241202-736588.html}
}

@misc{EnelColombia2023,
  author = {{Enel Colombia}},
  title  = {Resultados financieros 2022},
  year   = {2023},
  url    = {https://www.enel.com.co/content/dam/enel-co/espa\%C3\%B1ol/accionistas_e_inversionistas/enel-colombia/resultados-financieros/2022/resultados-financieros-enel-colombia-2022.pdf}
}

@misc{EPACartagena2023a,
  author = {{EPA Cartagena}},
  title  = {Cambio clim{\'a}tico -- {Aspectos} ambientales},
  year   = {s.f.},
  url    = {https://observatorio.epacartagena.gov.co/gestion-ambiental/generalidades-de-cartagena/aspectos-ambientales/cambio-climatico}
}

@misc{EPACartagena2023b,
  author = {{EPA Cartagena}},
  title  = {Comit{\'e} {Acad{\'e}mico} de {Cambio} {Clim{\'a}tico} y {Desarrollo} {Sostenible} ({CACCDS})},
  year   = {s.f.},
  url    = {https://observatorio.epacartagena.gov.co/directorio/caccds/}
}

@misc{LaRepublica2024,
  author = {{La Rep{\'u}blica}},
  title  = {Ecopetrol invertir{\'a} {US\$28,5} millones para construcci{\'o}n de planta de hidr{\'o}geno verde},
  year   = {2024},
  month  = dec,
  day    = {2},
  url    = {https://www.larepublica.co/economia/ecopetrol-invertira-us-28-5-millones-para-construccion-de-planta-de-hidrogeno-verde-4011722}
}

@misc{MoodysESG2023,
  author    = {{Moody's ESG Solutions}},
  title     = {Climate risk assessment for infrastructure projects},
  year      = {2023},
  publisher = {Moody's Corporation},
  url       = {https://esg.moodys.io}
}

@misc{OECD2018,
  author = {{OECD}},
  title  = {Blended finance: {Leveraging} private finance for development},
  year   = {2018},
  url    = {https://www.oecd.org/en/topics/sub-issues/leveraging-private-finance-for-development/blended-finance.html}
}

@article{OECD2021a,
  author  = {{OECD}},
  title   = {Making blended finance work for sustainable development: {The} role of risk transfer mechanisms ({OECD} {Development} {Perspectives}, {No.}~9)},
  year    = {2021},
  journal = {OECD Publishing},
  doi     = {10.1787/52138dbb-en},
  url     = {https://doi.org/10.1787/52138dbb-en}
}

@article{OECD2021b,
  author  = {{OECD}},
  title   = {The {OECD DAC} blended finance guidance},
  year    = {2021},
  journal = {OECD Publishing},
  doi     = {10.1787/ded656b4-en},
  url     = {https://doi.org/10.1787/ded656b4-en}
}

@article{OECD2025,
  author  = {{OECD}},
  title   = {Increasing development finance efforts to scale private finance mobilised and its impact ({OECD} {Policy} {Brief} {No.}~23)},
  year    = {2025},
  journal = {OECD Publishing},
  doi     = {10.1787/345b768b-en},
  url     = {https://doi.org/10.1787/345b768b-en}
}

@misc{OECDCleanEnergy,
  author = {{OECD}},
  title  = {Blended finance for clean energy},
  year   = {s.f.},
  url    = {https://www.oecd.org/en/about/programmes/clean-energy-finance-and-investment-mobilisation/blended-finance-for-clean-energy.html}
}

@misc{PresidenciaColombia2024a,
  author = {{Presidencia de la Rep{\'u}blica de Colombia}},
  title  = {Ecopetrol construir{\'a} la planta de hidr{\'o}geno verde m{\'a}s grande de {Latinoam{\'e}rica}: producir{\'a} 800 toneladas anuales},
  year   = {2024},
  month  = jan,
  day    = {24},
  url    = {https://www.presidencia.gov.co/prensa/Paginas/Ecopetrol-construira-planta-de-hidrogeno-verde-mas-grande-de-Latinoamerica-producira-800-toneladas-anuales-241202.aspx}
}

@misc{PresidenciaColombia2024b,
  author = {{Presidencia de la Rep{\'u}blica de Colombia}},
  title  = {Ecopetrol construir{\'a} planta de hidr{\'o}geno verde m{\'a}s grande de {Latinoam{\'e}rica}: {Producir{\'a}} 800 toneladas anuales},
  year   = {2024},
  month  = dec,
  day    = {2},
  url    = {https://www.presidencia.gov.co/prensa/Paginas/Ecopetrol-construira-planta-de-hidrogeno-verde-mas-grande-de-Latinoamerica-producira-800-toneladas-anuales-241202.aspx}
}

@misc{RedConocimientoClimatico2023,
  author = {{Red de Conocimiento Clim{\'a}tico}},
  title  = {Cartagena y el cambio clim{\'a}tico: {Desaf{\'\i}os} y estrategias de adaptaci{\'o}n},
  year   = {2023},
  url    = {https://redclimaticacolombia.org/cartagena-adaptacion}
}

@misc{Reuters2024,
  author = {{Reuters}},
  title  = {Spain's {Zelestra} opens {\$200} million solar park in {Colombia}},
  year   = {2024},
  month  = sep,
  day    = {27},
  url    = {https://www.reuters.com/sustainability/climate-energy/spains-zelestra-opens-200-million-solar-park-colombia-2024-09-27/}
}

@misc{Reuters2025,
  author = {{Reuters}},
  title  = {Colombia's {Celsia} plans investments up to {\$3.165} billion by 2025, mostly solar},
  year   = {2025},
  month  = mar,
  day    = {26},
  url    = {https://www.reuters.com/business/energy/colombias-celsia-plans-investments-up-3165-mln-2025-mostly-solar-2025-03-26/}
}

@misc{RVO2023,
  author = {{Rijksdienst voor Ondernemend Nederland (RVO)}},
  title  = {Market study: {Business} opportunities in {Cartagena}},
  year   = {2023},
  month  = dec,
  url    = {https://www.rvo.nl/sites/default/files/2023-12/Final\%20Report\%20-\%20Market\%20Study\%20Business\%20Opportunities\%20Cartagena.pdf}
}

@misc{UNGRD2011,
  author = {{Unidad Nacional para la Gesti{\'o}n del Riesgo de Desastres (UNGRD)}},
  title  = {Informe nacional de desastres 2010},
  year   = {2011},
  url    = {https://portal.gestiondelriesgo.gov.co/Paginas/Informes.aspx}
}

@misc{USAIDINVEST2024,
  author    = {{USAID INVEST}},
  title     = {Energy for Peace: {A} blended finance model for renewable energy in off-grid communities [Informe]},
  year      = {2024},
  month     = aug,
  day       = {27},
  publisher = {Global Development Alliance},
  url       = {https://www.climatelinks.org/resources/energy-peace-blended-finance-model-renewable-energy-grid-communities}
}

@misc{WTTC,
  author = {{World Travel \& Tourism Council (WTTC)}},
  title  = {Sustainability},
  year   = {s.f.},
  url    = {https://wttc.org/sustainability}
}



