@misc{Garcia2016,
  title   = {Campo magnético producido por un solenoide},
  url     = {http://www.sc.ehu.es/sbweb/fisica3/magnetico/solenoide/solenoide.html},
  journal = {Campo Magnético producido por UN solenoide},
  author  = {García, Angel Franco},
  year    = {2016}
} 

@misc{magnetic-fields-khanacademy,
  title        = {What are Magnetic Fields?},
  author       = {{Khan Academy}},
  publisher    = {Khan Academy},
  howpublished = {\url{https://www.khanacademy.org/science/physics/magnetic-forces-and-magnetic-fields/magnetic-field-current-carrying-wire/a/what-are-magnetic-fields}}
}

 @misc{biot-savart-law,
  title   = {Ley Biot-Savart},
  url     = {http://hyperphysics.phy-astr.gsu.edu/hbasees/magnetic/Biosav.html},
  journal = {Biot-Savart Law}
} 
















