@misc{Trazadores_cúbicos_2014,
  url     = {https://arturoguillen90.wordpress.com/interpolacion/trazadores-cubicos/},
  journal = {Proyecto Métodos Numéricos MA-0320},
  year    = {2014},
  title   = {Trazadores Cúbicos},
  author  = {Guillén, A.},
  month   = {June}
}