@book{FrankTashlin,
  author = {Tashlin, Frank},
  title  = {El oso que no lo era},
  year   = {1967},
}

@misc{Psicología,
  title     = {Cuando la opinión de los demás es demasiado importante},
  url       = {https://itaepsicologia.com/cuando-la-opinon-de-los-demas-es-demasiado-importante/#:~:text=Considerar%20lo%20que%20los%20demás,decisión%20en%20un%20momento%20determinado.},
  publisher = {Itae Psicología},
  year      = {2019},
  month     = {Dec}
} 

@misc{AcosoEscolar,
  title     = {Suicidio y Acoso Escolar, Una ``relación estrecha''},
  url       = {https://www.rtve.es/noticias/20230225/acoso-escolar-suicidio-prevencion/2427112.shtml#:~:text=Las%20víctimas%20de%20acoso%20escolar,la%20Fundación%20ANAR%20en%20diciembre.},
  journal   = {RTVE.es},
  publisher = {Corporación de Radio y Televisión Española 2023},
  author    = {Sánchez, Laura Goméz},
  year      = {2023},
  month     = {2}
} 

