@misc{Fernández,
  title    = {Calor},
  url      = {https://www.fisicalab.com/apartado/calor},
  journal  = {Fisicalab},
  author   = {Fernández, José L.},
  language = {es}
}

@misc{temperatura,
  url      = {https://concepto.de/temperatura/},
  journal  = {Concepto},
  language = {es},
  title    = {Temperatura}
}

@article{rointe_2023,
  title    = {Calor específico y conductividad térmica},
  url      = {https://rointe.com/calor-especifico-conductividad-termica/},
  journal  = {Rointe España},
  author   = {Rointe},
  year     = {2023},
  month    = {1},
  language = {es}
}

@misc{escalas_de_temperatura,
  url      = {https://es.khanacademy.org/science/fisica-pe-pre-u/x4594717deeb98bd3:energia-cinetica/x4594717deeb98bd3:calor-y-temperatura/a/643-escalas-de-temperatura},
  language = {es},
  title    = {Escalas de temperatura}
}

@misc{Fernández,
  title    = {Ley Cero de la Termodinámica},
  url      = {https://www.fisicalab.com/apartado/principio-cero-termo},
  journal  = {Fisicalab},
  author   = {Fernández, José L.},
  language = {es}
}

@misc{Tomé_2018,
  title    = {La primera ley de la termodinámica},
  url      = {https://culturacientifica.com/2017/07/11/la-primera-ley-la-termodinamica/},
  journal  = {Cuaderno De Cultura Científica},
  author   = {Tomé, César},
  year     = {2018},
  month    = {11},
  language = {es}
}

@misc{energia_cinetica,
  url      = {https://www.ferrovial.com/es/stem/energia-cinetica/},
  journal  = {Ferrovial},
  year     = {2022},
  month    = {9},
  language = {es}
}