@article{Abera2023,
  author  = {Abera, Y.},
  title   = {Renewable energy integration with sustainable materials and technologies},
  journal = {Authorea},
  year    = {2023},
  doi     = {10.22541/au.170013430.05838314/v1}
}

@book{ColinLuna_deLeoWinkler_nd,
  editor = {Colín Luna, J. A. and de Leo Winkler, M. A.},
  title  = {Nuevos materiales para la generación, almacenamiento y ahorro de energía},
  year   = {n.d.}
}

@article{Deshmukh2023,
  author  = {Deshmukh, M. K. G. and Sameeroddin, M. and Abdul, D. and Sattar, M. A.},
  title   = {Renewable energy in the 21st century: A review},
  journal = {Renewable Energy Resources},
  year    = {2023}
}

@article{Ebhota_Jen2019,
  author  = {Ebhota, W. S. and Jen, T.-C.},
  title   = {Efficient low-cost materials for solar energy applications: Roles of nanotechnology},
  journal = {IntechOpen},
  year    = {2019},
  doi     = {10.5772/intechopen.79136}
}

@article{Galembeck2019,
  author  = {Galembeck, F. and Burgo, T. A. L. and Silva, D. S. D. and Santos, L. P.},
  title   = {Materials from renewable resources: New properties and functions},
  journal = {Anais da Academia Brasileira de Ciencias},
  volume  = {91},
  number  = {4},
  pages   = {e20181160},
  year    = {2019},
  doi     = {10.1590/0001-3765201920181160}
}

@article{Henriksson2021,
  author  = {Henriksson, F. and Johansen, K. and Schütte, S.},
  title   = {Challenges when working with renewable materials: Knocking on wood?},
  journal = {International Journal of Sustainable Engineering},
  volume  = {14},
  number  = {6},
  pages   = {1980--1987},
  year    = {2021},
  doi     = {10.1080/19397038.2021.1970854}
}

@article{Howaniec2022,
  author  = {Howaniec, N.},
  title   = {Materials and processes for sustainable energy and environmental systems},
  journal = {Materials},
  volume  = {15},
  pages   = {6692},
  year    = {2022},
  doi     = {10.3390/ma15196692}
}

@techreport{Kubik2020,
  author      = {Kubik, M.},
  title       = {Today’s energy challenges, tomorrow’s solutions: Circular economy: Designing to reduce, reuse, and upcycle},
  institution = {National Renewable Energy Lab. (NREL)},
  year        = {2020},
  number      = {NREL/FS-6A42-76319}
}

@article{Leader_Gaustad2019a,
  author  = {Leader, A. and Gaustad, G.},
  title   = {Critical material applications and intensities in clean energy technologies},
  journal = {Clean Technol.},
  volume  = {1},
  pages   = {164--184},
  year    = {2019},
  doi     = {10.3390/cleantechnol1010012}
}

@article{Leader_Gaustad2019b,
  author  = {Leader, A. and Gaustad, G. and Babbitt, C.},
  title   = {The effect of critical material prices on the competitiveness of clean energy technologies},
  journal = {Mater Renew Sustain Energy},
  volume  = {8},
  pages   = {8},
  year    = {2019},
  doi     = {10.1007/s40243-019-0146-z}
}

@techreport{Leanez2022,
  author      = {Leañez, F.},
  title       = {Intensidad de materiales en la transición energética de América Latina: Estimaciones sobre la base de un escenario de integración energética de América del Sur},
  institution = {Comisión Económica para América Latina y el Caribe (CEPAL)},
  year        = {2022},
  number      = {LC/TS.2022/46}
}

@misc{MedinaRincon2017,
  author       = {Medina Rincón, S.},
  title        = {Energías renovables: Un futuro óptimo para Colombia},
  howpublished = {Repositorio Universidad de Caldas},
  year         = {2017},
  url          = {http://hdl.handle.net/10823/1055}
}

@article{Robinson2023,
  author  = {Robinson, J. and Kumari, N. and Srivastava, V. K. and Taskaeva, N. and Mohan, C.},
  title   = {Sustainable and environmental friendly energy materials},
  journal = {Journal of Renewable Materials},
  year    = {2023}
}

@article{Saleh_Hassan2024,
  author  = {Saleh, M. and Hassan, A.},
  title   = {The challenges of sustainable energy transition: A focus on renewable energy},
  journal = {Applied Chemical Engineering},
  volume  = {7},
  pages   = {2084},
  year    = {2024},
  doi     = {10.59429/ace.v7i2.2084}
}

@article{Uyor2021,
  author  = {Uyor, U. O. and Popoola, A. P. I. and Popoola, O. M. and Aigbodion, V. S. and Ujah, C. O.},
  title   = {Advancing energy storage technology through hybridization of supercapacitors and batteries: A review on the contribution of carbon-based nanomaterials},
  journal = {IOP Conference Series: Earth and Environmental Science},
  volume  = {730},
  number  = {1},
  pages   = {012006},
  year    = {2021},
  doi     = {10.1088/1755-1315/730/1/012006}
}

@book{Yhaya2018,
  author    = {Yhaya, M. F. and Tajarudin, H. A. and Ahmad, M. I.},
  title     = {Renewable and sustainable materials in green technology},
  publisher = {Springer Cham},
  year      = {2018},
  doi       = {10.1007/978-3-319-75121-4}
}

@article{Exploring2023,
  title   = {Exploring the integration of sustainable materials in supply chain management for environmental impact},
  journal = {Engineering Science \& Technology Journal},
  volume  = {4},
  number  = {3},
  pages   = {49--65},
  year    = {2023},
  doi     = {10.51594/estj.v4i3.546}
}