@misc{Pelicula,
  title = {La mujer del animal},
  year = {2016},
  author = {Victor Gaviria},
  note = {Pelicula},
}




