@misc{El_cuerpo_negro,
  url      = {http://www.sc.ehu.es/sbweb/fisica3/calor/radiacion/radiacion.html},
  language = {es},
  title    = {El cuerpo negro},
  author   = {Franco, A.},
  year     = {2016}
}

@misc{Termopilas,
  url       = {https://www.kanthal.com/es-es/aplicaciones/medici%C3%B3n-de-la-temperatura/termopilas/},
  language  = {es},
  title     = {TERMOPILAS},
  publisher = {KHANTAL}
}

@misc{Potencia,
  url      = {https://concepto.de/potencia-en-fisica/},
  journal  = {Concepto},
  language = {es},
  title    = {Potencia en Física}
}

@article{Intensidad,
  title    = {¿QUÉ ES LA INTENSIDAD?},
  url      = {https://www.pepeenergy.com/blog/glosario/definicion-intensidad/},
  journal  = {Blog Pepeenergy},
  author   = {MásMóvil, Blog},
  year     = {2021},
  month    = {11},
  language = {es}
}