@misc{covarianza,
  title    = {Covarianza},
  url      = {https://economipedia.com/definiciones/covarianza.html},
  journal  = {Economipedia},
  author   = {López, José Francisco},
  year     = {2022},
  month    = {11},
  language = {es}
}

@misc{coeficiente_determinacion,
  title    = {Coeficiente de determinación (R cuadrado)},
  url      = {https://economipedia.com/definiciones/r-cuadrado-coeficiente-determinacion.html},
  journal  = {Economipedia},
  author   = {López, José Francisco},
  year     = {2021},
  month    = {2},
  language = {es}
}

@misc{test_pearson,
  title    = {¿Qué es el coeficiente de correlación de Pearson?},
  url      = {https://www.questionpro.com/blog/es/coeficiente-de-correlacion-de-pearson/},
  journal  = {QuestionPro},
  author   = {Ortega, Cristina},
  year     = {2023},
  month    = {2},
  language = {es}
}