@book{CorderoElectromagnetismo,
  title     = {Electromagnetismo},
  author    = {Cordero S., Patricio},
  edition   = {1ra Ed.},
  publisher = {Editorial Universitaria},
  address   = {Santiago de Chile},
  year      = {2006},
  note      = {ISBN: 978-956-11-2497-4}
}

 @book{LeyesMaxwell,
  title     = {Leyes de Maxwell},
  publisher = {Universidad Abierta de Catalunya},
  author    = {Muñoz, Jordi Bonastre},
  note      = {PID: 00159138}
} 

@article{reyes_pinto_2014,
  title  = {Corrientes Par{á}sitas y Fen{ó}menos de Inducci{ó}n relacionados},
  volume = {II},
  url    = {https://fisica.unah.edu.hn/assets/Revista/Volumen-II-N2/REF-UNAH-22-68.pdf},
  author = {Reyes, M. and Pinto, J.},
  year   = {2014}
} 

 @misc{tecsa_2021,
  url       = {https://www.tecsaqro.com.mx/blog/que-es-un-transformador-electrico/},
  title     = {¿Qu{é} es un transformador el{é}ctrico y cómo funciona?},
  publisher = {Tecsa},
  year      = {2021},
  month     = {3}
} 

@book{rodriguez_2014,
  title     = {Electr{ó}nica b{á}sica},
  author    = {Rodr{í}guez, R.},
  year      = {2014},
  publisher = {Ra-Ma Editorial},
  address   = {Madrid}
}












