@misc{source_code,
  url      = {https://github.com/MauroGonzalez51/WaveAnalysisJS},
  journal  = {GitHub},
  title    = {Source code}
}