
@misc{cite_1,
  title    = {FÍSICA CUÁNTICA. EL EFECTO FOTOELÉCTRICO.},
  url      = {https://www.academiaalcover.es/wp-content/uploads/2021/11/todo-efecto-fotoelectrico.pdf},
  author   = {Alcover Garau, Carlos},
  language = {en}
}

@misc{cite_2,
  url      = {https://ejercicios-fyq.com/apuntes/Estructura_de_la_materia/22_efecto_fotoelctrico_teora_corpuscular_de_la_luz.html},
  language = {es},
  title    = {Efecto fotoeléctrico. Teoría corpuscular de la luz}
}
@misc{cite_3,
  url      = {https://es.khanacademy.org/science/ap-chemistry/electronic-structure-of-atoms-ap/bohr-model-hydrogen-ap/a/photoelectric-effect},
  language = {es},
  title    = {Efecto fotoeléctrico}
}

@misc{cite_4,
  title    = {EXPERIENCIA 7 EFECTO FOTOELÉCTRICO},
  url      = {https://www.studocu.com/co/document/universidad-tecnologica-de-bolivar/fisica/experiencia-7-efecto-fotoelectrico/22838476},
  journal  = {Studocu},
  language = {es-co}
}
