@misc{Entradas_2016,
  title    = {Parámetros del movimiento ondulatorio},
  url      = {https://lidiaconlaquimica.wordpress.com/2016/03/09/parametros-del-movimiento-ondulatorio/},
  journal  = {Ciencia de Lux},
  author   = {Enrique Castaños},
  year     = {2016},
  month    = {4},
  language = {es}
}

@misc{Tomé_2018,
  title    = {Fase y ecuación de onda},
  url      = {https://culturacientifica.com/2018/11/20/fase-y-ecuacion-de-onda/},
  journal  = {Cuaderno De Cultura Científica},
  author   = {Tomé, César},
  year     = {2018},
  month    = {11},
  language = {es}
}

@misc{Velocidaddeonda,
  url      = {https://www.studysmarter.es/resumenes/fisica/ondas/velocidad-de-onda/},
  journal  = {StudySmarter ES},
  language = {es},
  title    = {Velocidad de onda}
}

@article{Velocidaddefase,
  title    = {Velocidad de fase},
  url      = {https://es.wikipedia.org/wiki/Velocidad_de_fase},
  journal  = {Wikipedia, La Enciclopedia Libre},
  author   = {Colaboradores de Wikipedia},
  year     = {2023},
  month    = {4},
  language = {es}
}

@article{ondasdepresion,
  title    = {Onda de presión},
  url      = {https://es.wikipedia.org/wiki/Onda_de_presi%C3%B3n},
  journal  = {Wikipedia, La Enciclopedia Libre},
  author   = {colaboradores de Wikipedia},
  year     = {2023},
  month    = {5},
  language = {es}
}

@misc{Presiónengases,
  url      = {https://campus.ort.edu.ar/secundaria/almagro/fisica/articulo/1812805/presion-en-gases-guia-teorica},
  journal  = {Campus Virtual ORT},
  language = {es},
  title    = {Presión en gases}
}

@article{Libretexts_2020,
  title    = {9.2: La presión, el volumen, la cantidad y la temperatura relacionados: la ley del gas ideal},
  url      = {https://espanol.libretexts.org/Quimica/Libro:_Qu%C3%ADmica_General_%28OpenSTAX%29/09:_Gases/9.2:_La_presion_el_volumen_la_cantidad_y_la_temperatura_relacionados:_la_ley_del_gas_ideal},
  journal  = {LibreTexts Español},
  author   = {Libretexts},
  year     = {2020},
  month    = {10},
  language = {es}
}