@article{Barragan2019,
  author  = {Edgar Antonio Barragán-Escandón and Esteban Felipe Zalamea-León and Julio Terrados-Cepeda and Alejandro Parra-González},
  title   = {Las energías renovables a escala urbana. Aspectos determinantes y selección tecnológica},
  journal = {Bitácora urbano-territorial},
  volume  = {29},
  number  = {2},
  year    = {2019},
  doi     = {10.15446/bitacora.v29n2.65720}
}

@article{Arguello2022,
  author  = {Juan José Arguello-Pérez},
  title   = {Energías renovables, reducción de costos en aerogeneradores y paneles solares},
  journal = {Visión Electrónica},
  volume  = {16},
  number  = {2},
  year    = {2022}
}

@book{Guiza2019,
  author    = {Güiza Suárez},
  title     = {Energías renovables no convencionales y cambio climático: un análisis para Colombia},
  edition   = {1},
  address   = {Bogotá D.C},
  publisher = {Editorial Universidad del Rosario},
  year      = {2019}
}

@book{Chevez2017,
  author    = {P. Chevez},
  title     = {Energías renovables y eficiencia energética: análisis de medidas orientadas al sector residencial},
  address   = {Buenos Aires},
  publisher = {Diseño},
  year      = {2017}
}

@article{Fernandez2019,
  author  = {Manuel Alejandro Fernández Rodríguez and Camilo José Tamayo Morales and Olga Yarisbel Rojas Grass},
  title   = {Mercado de datos de energías renovables},
  journal = {Serie científica de la Universidad de las Ciencias Informáticas},
  volume  = {10},
  number  = {7},
  year    = {2019}
}

@article{IbanezMartin2022,
  author  = {María María Ibañez Martín and María Florencia Zabaloy and Mauro David Reyes Pontet and María Celeste Chaz Sardi and Fernando Antonio Ignacio González},
  title   = {¿Cómo aliviar la pobreza energética a partir de energías renovables? Diseño de un ensayo aleatorio en barrios vulnerables},
  journal = {Revista Latinoamericana de Metodología de las Ciencias Sociales},
  volume  = {12},
  number  = {1},
  pages   = {e110--e110},
  year    = {2022},
  doi     = {10.24215/18537863e110}
}

@article{Posso2014,
  author  = {Fausto Posso and Juan Acevedo and Jorge Hernández},
  title   = {El impacto económico de las energías renovables},
  journal = {Aibi Revista de Investigación, Administración e Ingeniería},
  volume  = {2},
  number  = {2},
  year    = {2014},
  doi     = {10.15649/2346030X.526}
}

@article{Nesmachnow2017,
  author  = {Sergio Nesmachnow and Santiago Iturriaga},
  title   = {Planificación de eficiencia energética en centros de supercómputo utilizando energías renovables},
  journal = {Programación Matemática y Software},
  volume  = {9},
  number  = {1},
  year    = {2017}
}

