@online{CampoElectricoSolenoide,
  author  = {Garcia, Angel Franco},
  title   = {Campo magnético producido por un solenoide},
  url     = {http://www.sc.ehu.es/sbweb/fisica3/magnetico/solenoide/solenoide.html},
  year    = {2016},
  urldate = {2023-03-25},
  note    = {Consultado el 25 de marzo de 2023}
}

@online{CampoElectricoPorEspira,
  author  = {Garcia, Angel Franco},
  title   = {Campo magnético producido por una corriente circular en un punto de su eje},
  url     = {http://www.sc.ehu.es/sbweb/fisica3/magnetico/espira/espira.html},
  year    = {2016},
  urldate = {2023-03-25},
  note    = {Consultado el 25 de marzo de 2023}
}

