@misc{ondas-definicion,
  url       = {https://radio-waves.orange.com/es/que-es-una-onda/},
  journal   = {Las ondas},
  publisher = {Orange},
  title     = {Las ondas}
} 

@misc{funcion-ondas,
  url       = {https://www.quimica.es/enciclopedia/Funci%C3%B3n_de_ondas.html},
  journal   = {quimica.es},
  publisher = {Lumitos},
  title     = {Funcion de Ondas}
} 

@misc{onda-senoidal,
  title    = {CD-0375},
  url      = {https://bibdigital.epn.edu.ec/bitstream/15000/2538/1/CD-0375.pdf},
  author   = {Bibdigital},
  language = {en}
}

@article{onda-amplitud,
  title    = {5.3: Amplitud de funciones sinusoidales},
  url      = {https://espanol.libretexts.org/Educacion_Basica/Precalculo/05%3A_Funciones_trigonom%C3%A9tricas/5.03%3A_Amplitud_de_funciones_sinusoidales#:~:text=La%20amplitud%20de%20las%20funciones,lo%20fuerte%20que%20es%20algo.},
  journal  = {LibreTexts Español},
  author   = {Libretexts},
  year     = {2022},
  month    = {11},
  language = {es}
}

@misc{fluke,
  title    = {¿Qué es la frecuencia?},
  url      = {https://www.fluke.com/es-co/informacion/blog/electrica/que-es-la-frecuencia#:~},
  journal  = {Fluke},
  author   = {Fluke},
  language = {es-co}
}

@article{fase,
  title    = {Fase (onda)},
  url      = {https://es.wikipedia.org/wiki/Fase_(onda)},
  journal  = {Wikipedia, la enciclopedia libre},
  author   = {colaboradores de Wikipedia},
  year     = {2023},
  month    = {6},
  language = {es}
}

@misc{ESERO,
  title    = {Longitud de onda y frecuencia | Decodifica imágenes enviadas desde la ISS},
  url      = {https://esero.es/practicas-en-abierto/decodifica-imagenes-iss/longitud_de_onda_y_frecuencia.html},
  author   = {ESERO (European Space Education Resource Office) Spain},
  language = {es}
}

@article{Ingenierizando_2023,
  title    = {Número de onda},
  url      = {https://www.ingenierizando.com/cinematica/numero-de-onda/},
  journal  = {Ingenierizando},
  author   = {Ingenierizando},
  year     = {2023},
  month    = {3},
  language = {es}
}

@article{Ingenierizando_2023b,
  title    = {Frecuencia angular},
  url      = {https://www.ingenierizando.com/cinematica/frecuencia-angular/},
  journal  = {Ingenierizando},
  author   = {Ingenierizando},
  year     = {2023},
  month    = {3},
  language = {es}
}

@article{Ingenierizando_2023c,
  title    = {Velocidad de propagación},
  url      = {https://www.ingenierizando.com/cinematica/velocidad-de-propagacion/},
  journal  = {Ingenierizando},
  author   = {Ingenierizando},
  year     = {2023},
  month    = {4},
  language = {es}
}

@misc{ONDAS,
  url   = {https://ricuti.com.ar/no_me_salen/ondas/Ap_ond_06.html},
  title = {Ondas viajeras}
}

@article{J_Merino_2022,
  title    = {Ondas mecánicas - qué son, tipos, definición y concepto},
  url      = {https://definicion.de/ondas-mecanicas/},
  journal  = {Definición.de},
  author   = {J, Pérez Porto and Merino, M.},
  year     = {2022},
  month    = {jun},
  language = {es}
}

@misc{Lasondas,
  url   = {http://recursostic.educacion.es/secundaria/edad/4esofisicaquimica/4quincena11/4q11_contenidos_3b.htm},
  title = {El sonido: Una onda longitudinal}
}

@misc{Moebs_2021,
  title    = {16.3 Rapidez de onda en una cuerda estirada - Física universitaria Volumen 1 | OpenStax},
  url      = {https://openstax.org/books/f%C3%ADsica-universitaria-volumen-1/pages/16-3-rapidez-de-onda-en-una-cuerda-estirada},
  author   = {Moebs, William},
  year     = {2021},
  month    = {9},
  language = {es}
}

@misc{Moebs_2021b,
  title    = {16.4 La energía y la potencia de una onda - Física Universitaria Volumen 1 | OpenStax},
  url      = {https://openstax.org/books/f%C3%ADsica-universitaria-volumen-1/pages/16-4-la-energia-y-la-potencia-de-una-onda},
  author   = {Moebs, William},
  year     = {2021},
  month    = {9},
  language = {es}
}

@misc{superposicion,
  author = {M. Antonella Cid},
  url    = {http://ciencias.ubiobio.cl/fisica/wiki/uploads/AntonellaCid/F2_8.pdf},
  title  = {Fisica II}
}

@misc{Superposicióndeondas,
  url      = {http://tesla.us.es/wiki/index.php/Superposici%C3%B3n_de_ondas},
  language = {es},
  title    = {Superposición de ondas}
}

@misc{Fernández,
  title    = {Interferencias de ondas},
  url      = {https://www.fisicalab.com/apartado/interferencias-ondas-armonicas},
  journal  = {Fisicalab},
  author   = {Fernández, José L.},
  language = {es}
}

@misc{Fernándezb,
  title    = {Ondas estacionarias},
  url      = {https://www.fisicalab.com/apartado/ondas-estacionarias},
  journal  = {Fisicalab},
  author   = {Fernández, José L.},
  language = {es}
}

@misc{modososcilacion,
  url   = {
           https://congresos.cio.mx/memorias_congreso_mujer/archivos/extensos/sesion5/S5-FMCT05.pdf
           },
  title = {Oscilaciones normales}
}

@misc{Fernándezc,
  title    = {Ondas estacionarias},
  url      = {https://www.fisicalab.com/apartado/ondas-estacionarias},
  journal  = {Fisicalab},
  author   = {Fernández, José L.},
  language = {es}
}

@misc{Erbessd_2022,
  title    = {Resonancia y frecuencia natural},
  url      = {https://www.erbessd-instruments.com/es/articulos/resonancia-y-frecuencia-natural/},
  journal  = {ERBESSD INSTRUMENTS},
  author   = {Erbessd, Thierry},
  year     = {2022},
  month    = {jun},
  language = {es-ES}
}

@misc{Resonancia,
  url      = {https://www.studysmarter.es/resumenes/fisica/mecanica-clasica/resonancia/},
  journal  = {StudySmarter ES},
  language = {es}
}




