@misc{LeyFaraday,
  title     = {Ley de Faraday},
  url       = {https://es.wikipedia.org/wiki/Ley_de_Faraday},
  journal   = {Wikipedia},
  publisher = {Wikimedia Foundation},
  year      = {2023},
  month     = {3}
} 

 @misc{FaradayLawKhanAcademy,
  title     = {What is faraday's law? (article)},
  url       = {https://en.khanacademy.org/science/physics/magnetic-forces-and-magnetic-fields/magnetic-flux-faradays-law/a/what-is-faradays-law},
  journal   = {Khan Academy},
  publisher = {Khan Academy}
} 

@misc{FenomenosElectromagneticos,
  title   = {Fenomenos Electromagneticos},
  url     = {https://www.studocu.com/co/document/universidad-tecnologica-de-bolivar/fisica/informe-8/37668790},
  author  = {Olmos Quintana, J. D. and Miranda, A. and Méndez, O. and L{ó}pez, A.},
  journal = {Studocu.com}
}
