@misc{blas_fernández,
    title     = {Potencial eléctrico. Superficies equipotenciales},
    url       = {https://www2.montes.upm.es/dptos/digfa/cfisica/electro/potencial.html#:~:text=Las%20superficies%20equipotenciales%20son%20aquellas,potencial%20(r%20%3D%20cte).},
    journal   = {Electrosttica. Potencial Elctrico. Superficies Equipotenciales},
    publisher = {Universidad Politécnica de Madrid},
    author    = { Blas, Teresa  Martín and Fernández, Ana  Serrano},
    year      = {s.f}
} 

@misc{PotencialElectrico,
    title   = {Campo y potencial eléctrico de una carga puntual},
    url     = {http://www.sc.ehu.es/sbweb/fisica/elecmagnet/campo_electrico/campo/campo.htm#:~:text=La%20relación%20entre%20campo%20eléctrico%20y%20el%20potencial%20es.&amp;text=VA-VB%3DE,el%20área%20del%20rectángulo%20sombreado.&amp;text=Dado%20el%20potencial%20V%20podemos,E%2C%20mediante%20el%20operador%20gradiente.},
    journal = {Campo y Potencial elctrico de una carga puntual},
    author  = {Anónimo},
    year    = {s.f}
} 

@misc{LineasCampoElectrico,
    url    = {https://www.iesbajoaragon.com/~fisica/fisica2/Elec/septiembre_0405b.htm#:~:text=Las%20cargas%20positivas%20se%20mueven,sentido%20de%20los%20potenciales%20decrecientes.},
    author = {Anónimo},
    year   = {s.f}
} 