@mastersthesis{DeAvila2014,
  author = {De Avila, J.},
  title  = {Pasacaballos: Territorio para las juventudes, la transformación y la conciencia social. ¡El parche ideal que los y las jóvenes desean lograr!},
  school = {Universidad de Cartagena},
  year   = {2014},
  type   = {Tesis de pregrado},
  url    = {https://hdl.handle.net/11227/1139}
}

@article{DeLaHoz2012,
  author  = {De La Hoz, J. and Quejada, R. and Yánez, M.},
  title   = {Desempleo juvenil en Cartagena de Indias: un análisis transversal de sus causas y consecuencias},
  journal = {Papeles de población},
  volume  = {19},
  number  = {75},
  pages   = {35-61},
  year    = {2012}
}

@misc{Biblioteca_Digital_Universidad_de_Cartagena,
  url     = {https://repositorio.unicartagena.edu.co/home},
  journal = {Biblioteca Digital Universidad De Cartagena},
  title   = {Biblioteca Digital Universidad de Cartagena (UDC)}
}

@misc{SCIELO_Scientific_Electronic_Library_Online,
  url   = {https://scielo.org.mx/scielo.php?pid=S1405-7425201300010000},
  title = {SCIELO}
}