@article{Gomez2025,
  author  = {Gómez Gómez, L. T. and Ramírez Gutiérrez, Z.},
  title   = {Explorando el vínculo entre capacidades financieras y aprendizaje organizacional en pymes: un análisis del estado del arte},
  journal = {Revista CEA},
  year    = {2025},
  volume  = {11},
  number  = {25},
  pages   = {e3113},
  doi     = {10.22430/24223182.3113}
}
