@misc{Dejusticia_2023_MariaAdelaida,
  title    = {Por una justicia más diversa},
  url      = {https://www.dejusticia.org/column/por-una-justicia-diversa-en-colombia/},
  journal  = {Dejusticia},
  author   = {Ceballos Bedoya, M.},
  year     = {2023},
  month    = {11},
  language = {es-ES}
}

@article{Colprensa_2016,
  title   = {María Paulina Riveros, nueva vicefiscal general},
  url     = {https://www.elcolombiano.com/colombia/maria-paulina-riveros-nueva-vicefiscal-general-CG4686172},
  journal = {www.elcolombiano.com},
  author  = {Colprensa},
  year    = {2016},
  month   = {8}
}
@misc{Vacía_Vacía_2023,
  title    = {María Paulina Riveros},
  url      = {\url{https://www.lasillavacia.com/quien-es-quien/maria-paulina-riveros/}},
  journal  = {La Silla Vacía},
  author   = {Vacía, La Silla and Vacía, La Silla},
  year     = {2023},
  month    = {9},
  language = {es-CO}
}

@misc{FiscalíaGeneralNación_2022,
  title    = {30 años en imágenes},
  url      = {https://www.fiscalia.gov.co/colombia/la-entidad/nuestra-historia-en-imagenes/},
  journal  = {Fiscalía General De La Nación},
  year     = {2022},
  month    = {5},
  language = {es-CO}
}


@misc{agenda,
  url     = {https://agenda2030lac.org/es/ods/16-paz-justicia-e-instituciones-solidas},
  year    = {2023},
  month   = {9},
  title   = {Objetivo 16: Promover sociedades, justas, pacíficas e inclusivas},
  journal = {Agenda 2030 en Am{é}rica Latina y el Caribe}
}

@misc{Gomez_Mazo,
  title    = {Dejusticia},
  url      = {https://www.dejusticia.org/responsible/daniel-gomez/},
  author   = {Gomez-Mazo, D.},
  year     = {2023},
  month    = {10},
  language = {es-ES}
}

@book{schopenhauer,
  author    = {Schopenhauer, Arthur},
  title     = {El amor, las mujeres y la muerte},
  year      = {1819},
}
