@misc{Trazadores_cúbicos_2014,
  url     = {https://arturoguillen90.wordpress.com/interpolacion/trazadores-cubicos/},
  journal = {Proyecto Métodos Numéricos MA-0320},
  year    = {2014},
  title   = {Trazadores Cúbicos},
  author  = {Guillén, A.},
  month   = {June}
}

@book{Chapra_Canale,
  edition   = {5},
  title     = {Metodos numericos para ingenieros},
  url       = {http://artemisa.unicauca.edu.co/~cardila/Chapra.pdf},
  author    = {Chapra, Steven C. and Canale, Raymond P.},
  language  = {en},
  publisher = {Mc Graw Hill},
  year      = {2007},
  isbn      = {978-970-10-6114-5}
}