



@misc{1,
  url     = {https://archive.org/details/0222-pdf-asm-metals-hand-book-volume-21-composites/mode/1up},
  journal = {Internet Archive},
  year    = {2021},
  month   = {5}
}

@book{chung2010composite,
  title     = {Composite Materials: Science and Applications},
  author    = {Chung, D.D.L.},
  isbn      = {9781848828315},
  lccn      = {2010920533},
  series    = {Engineering Materials and Processes},
  url       = {https://books.google.com.co/books?id=vGstB0vDe04C},
  year      = {2010},
  publisher = {Springer London}
}

@article{Setlak_Kowalik_Lusiak_2021,
  title   = {Practical use of composite materials used in military aircraft},
  volume  = {14},
  url     = {https://pmc.ncbi.nlm.nih.gov/articles/PMC8432537/},
  doi     = {10.3390/ma14174812},
  number  = {17},
  journal = {Materials},
  author  = {Setlak, Lucjan and Kowalik, Rafał and Lusiak, Tomasz},
  year    = {2021},
  month   = {8},
  pages   = {4812}
}

@article{article,
  author  = {Bielawski, Radosław},
  year    = {2017},
  month   = {05},
  pages   = {11-16},
  title   = {COMPOSITE MATERIALS IN MILITARY AVIATION AND SELECTED PROBLEMS WITH IMPLEMENTATION},
  volume  = {15},
  journal = {Review of the Air Force Academy},
  doi     = {10.19062/1842-9238.2017.15.1.2}
}

@misc{2,
  url     = {https://www.emavi.edu.co/es/investigacion/publicaciones-editorial/materiales-compuestos-clasificacion-procesamiento-y},
  journal = {Escuela Militar De Aviación - EMAVI},
  author  = {Robayo Salazar, R. and Delgado Gómez, F. and Hermann Portocarrero, J. and Tristancho Reyes, J. and Pérez Muñoz, D. and Holguín Patiño, M. },
  isbn    = {978-958-53159-4-5},
  title   = {Materiales compuestos: clasificacion, procesamiento, y aplicaciones},
  year    = {2020}
}

@misc{3,
  author = {Fernandez M., and Martinez, P. and Valencia, V. and CRUZ, M. and Javier},
  title  = {Aplicaciones de los materiales compuestos de matriz metálica en el sector eléctrico y electrónic},
  year   = {2006},
  month  = {6}
}