@misc{Inglaterra.Ws_2022,
  title    = {Días festivos en Inglaterra - Inglaterra.ws},
  url      = {https://www.inglaterra.ws/dias-festivos-en-inglaterra/},
  journal  = {Inglaterra.ws},
  author   = {Inglaterra.Ws},
  year     = {2022},
  month    = jun,
  language = {es}
}

@misc{_,
  url = {https://www.britishcouncil.co/blog/aprende-ingles/bank-holidays}
}

@misc{Euroinnova,
  title   = {Descubre el máster en economía bancaria},
  url     = {https://www.euroinnova.com/business-management/articulos/cultura-de-negocios-en-reino-unido},
  journal = {Euroinnova International Online Education},
  author  = {Euroinnova International Online Education},
  year    = {2024},
  month   = {9}
}

@misc{LegisComex,
  url = {https://www.legiscomex.com/Documentos/empresariobritanico}
}

@misc{Experto,
  title   = {Consideraciones culturales al hacer negocios en el Reino Unido},
  url     = {https://www.tmf-group.com/es-co/noticias-perspectivas/articulos/hacer-negocios-en/consideraciones-culturales-hacer-negocios-reino-unido/},
  journal = {https://www.tmf-group.com},
  author  = {Experto de TMF Group},
  year    = {2018},
  month   = {5}
}

@misc{Konversen_2024,
  title    = {La cultura inglesa y sus tradiciones | Academia KonVersen},
  url      = {https://www.konversen.es/cultura-inglesa/},
  journal  = {Academia KonVersen},
  author   = {Konversen, Academia},
  year     = {2024},
  month    = jun,
  language = {es}
}

@misc{Todo,
  url = {https://clasingelts.com/cultura-inglesa-tradiciones}
}

@misc{NEGOCIAR,
  url = {https://inglaterraeytn.webnode.com.co/como-negociar-con-inglaterra/}
}

@misc{Prezi,
  title   = {Inglaterra y su cultura de negocios},
  url     = {https://prezi.com/1m73crzn213x/inglaterra-y-su-cultura-de-negocios/},
  journal = {prezi.com},
  author  = {Prezi, Angie Bedoya On}
}

@misc{Euroinnova,
  title   = {Descubre el máster en economía bancaria},
  url     = {https://www.euroinnova.com/business-management/articulos/cultura-de-negocios-en-reino-unido},
  journal = {Euroinnova International Online Education},
  author  = {Euroinnova International Online Education},
  year    = {2024},
  month   = {9}
}

@misc{LegisComex,
  url = {https://www.legiscomex.com/Documentos/empresariobritanico}
}

