@misc{el_efecto_compton,
  url   = {http://www.sc.ehu.es/sbweb/fisica/cuantica/compton/Compton.htm},
  title = {El efecto Compton}
}

@misc{Moebs_2021,
  title  = {6.3 El efecto Compton - FÃ­sica universitaria volumen 3 | OpenStax},
  url    = {https://openstax.org/books/f%C3%ADsica-universitaria-volumen-3/pages/6-3-el-efecto-compton},
  author = {Moebs, William},
  year   = {2021},
  month  = {11}
}

