@misc{SolenoideGarcia2016,
  title   = {Campo magnético producido por un solenoide},
  url     = {http://www.sc.ehu.es/sbweb/fisica3/magnetico/solenoide/solenoide.html},
  journal = {Campo Magnético producido por UN solenoide},
  author  = {García, Angel Franco},
  year    = {2016}
} 

















