 @misc{KhanAcademy,
  title     = {Las Leyes de Kirchhoff (art√≠culo)},
  url       = {https://es.khanacademy.org/science/physics/circuits-topic/circuits-resistance/a/ee-kirchhoffs-laws},
  journal   = {Khan Academy},
  publisher = {Khan Academy}
} 
