@misc{CifrasCartagena,
  title = {Leve descenso en las cifras de embarazos en adolescentes se registró
           en Cartagena durante el 2022},
  url = {https://onx.la/dd342},
  howpublished = {Alcaldía Distrital de Cartagena de Indias},
  year = {2023},
  urldate = {12 de marzo de 2023},
}

@online{EducacionSexualDefinicion,
  title = {Qué es la educación sexual? I Recursos de educación sexual integral I
           Planned Parenthood},
  author = {{Planned Parenthood}},
  url = {
         https://www.plannedparenthood.org/es/temas-de-salud/para-educadores/que-es-la-educacion-sexual
         },
  urldate = {13 de marzo de 2023},
}

@online{CasosVIH,
  title = {Casos de vih en cartagena van en Aumento Este 2022},
  url = {
         https://www.eluniversal.com.co/cartagena/casos-de-vih-en-cartagena-van-en-aumento-este-2022-GE7161787#:
         ~:text=Así%2C%20la%20tasa%20de%20incidencia,
         por%20cada%20100%20mil%20habitantes.},
  journal = {www.eluniversal.com.co},
  publisher = {El Universal},
  author = {Ortega, Julie Gonzalez},
  year = {2022},
  month = {Sep},
  urldate = {13 de marzo de 2023},
} 