@misc{BusinessModelAnalyst2024,
  author    = {{Business Model Analyst}},
  title     = {Nike's Marketing Strategy},
  year      = {2024},
  publisher = {BusinessModelAnalyst},
  url       = {https://businessmodelanalyst.com/nike-marketing-strategy/},
  urldate   = {2025-09-21}
}

@misc{Nike2025,
  author    = {{Nike, Inc.}},
  title     = {Our Mission},
  publisher = {Nike Newsroom},
  url       = {https://about.nike.com/pages/mission},
  urldate   = {2025-09-21}
}

@misc{Storimake2023,
  author    = {Storimake},
  title     = {Posicionamiento de Nike: Just Do It},
  year      = {2023},
  month     = {5},
  day       = {19},
  publisher = {Storimake},
  url       = {https://storimake.com/posicionamiento-de-nike-just-do-it/},
  urldate   = {2025-09-21}
}

@misc{TeamAppinio2024,
  author    = {{Team Appinio}},
  title     = {Nike's brand strategy: How the sports giant has stayed on top},
  year      = {2024},
  month     = {8},
  day       = {9},
  publisher = {Appinio Blog},
  url       = {https://www.appinio.com/en/blog/nike-brand-strategy},
  urldate   = {2025-09-21}
}

@misc{Thestrive2024,
  author    = {Thestrive},
  title     = {Nike Marketing Strategy 2024: A Detailed Case Study},
  year      = {2024},
  publisher = {Thestrive},
  url       = {https://thestrive.co/nike-marketing-strategy/},
  urldate   = {2025-09-21}
}

@misc{Walonoski2024,
  author    = {Walonoski, M.},
  title     = {Nike Marketing Strategy: Building a Global Brand},
  year      = {2024},
  month     = {1},
  day       = {12},
  publisher = {The Social Shepherd},
  url       = {https://thesocialshepherd.com/blog/nike-marketing-strategy},
  urldate   = {2025-09-21}
}