@misc{Pelicula,
  title  = {Talentos ocultos},
  year   = {2016},
  author = {Theodore Melfi},
  note   = {Pelicula}
}


